1698 2864
72 263 98 280 a.
113 253 168 280 ch.
188 254 250 280 461.
265 254 328 279 460.
570 240 699 274 LIBER
722 240 775 274 111.
817 240 911 273 CAP.
931 241 984 273 15.
1418 244 1465 283 31

71 346 378 386 coniurationem
397 345 556 391 factam3
584 344 797 383 Caesonem
817 343 965 382 Romae
984 354 1088 390 esse3
1114 342 1471 384 interficiendorum
1500 353 1519 384 3

70 403 335 448 tribunorum,
363 401 614 440 trucidandae
644 400 766 452 plebis
795 399 955 439 consilia
975 399 1088 446 inita3
1108 399 1146 438 id
1168 400 1313 449 negotii
1335 401 1467 440 datum

69 460 116 499 ab
138 458 356 498 senioribus
384 462 556 509 patrum,
585 462 628 496 ut
653 458 832 496 iuventus
860 455 1105 495 tribuniciam
1134 460 1363 506 potestatem
1386 469 1406 495 e
1427 470 1469 496 re

67 515 216 567 publica
244 514 412 560 tolleret,
439 514 644 564 formaque
670 513 802 552 eadem
831 512 994 551 civitatis
1023 519 1144 556 esset,
1169 523 1268 562 quae
1289 517 1375 550 ante
1397 513 1469 551 Sa-

68 584 176 610 crum
205 576 379 610 montem
401 575 631 621 occupatum
653 570 790 609 fuerat.
831 569 880 608 Et
898 581 918 607 a
940 568 1087 607 Volscis
1109 573 1147 606 et
1166 568 1308 618 Aequis
1325 574 1468 608 statum
1499 579 1521 610 4

66 628 141 667 iam
163 640 207 666 ac
226 640 350 678 prope
373 627 558 666 sollemne
579 626 618 665 in
640 627 813 677 singulos
836 637 960 664 annos
982 625 1122 663 bellum
1138 624 1356 670 timebatur,
1377 637 1472 676 pro-

66 684 233 735 piusque
256 685 356 723 aliud
383 696 529 723 novum
550 683 694 722 malum
717 682 947 733 necopinato
970 688 1160 720 exortum.
1201 680 1329 720 exules
1351 682 1470 720 servi·
1500 691 1518 721 5

67 753 140 792 que
169 741 214 779 ad
242 740 318 779 duo
342 740 446 779 milia
472 740 677 778 hominum
701 745 740 778 et
767 738 964 791 quingenti
992 738 1088 777 duce
1116 737 1242 789 Appio
1270 738 1467 776 Herdonio

66 797 210 836 Sabino
239 801 355 836 noete
377 796 603 848 Capitolium
632 802 745 846 atque
766 808 892 835 arcem
916 807 1161 846 occupavere.
1203 794 1409 833 confestim
1429 795 1469 833 in
1499 804 1518 835 6

65 865 151 892 arce
182 853 280 892 facta
314 854 450 892 caedes
483 865 637 898 eorum,
666 853 731 904 qui
763 852 964 892 coniurare
991 857 1029 890 et
1056 851 1170 890 simul
1200 863 1335 901 capere
1364 863 1470 890 arma

63 910 281 948 noluerant.
329 910 388 948 alii
417 910 516 948 inter
540 909 747 948 tumultum
771 908 1002 960 praecipites
1024 920 1167 958 pavore
1188 907 1227 945 in
1247 907 1377 946 forum
1401 907 1470 946 de-

62 966 204 1012 volant,
222 966 387 1005 alternae
408 978 523 1005 voces
547 966 621 1011 „ad
642 970 772 1004 arma“
795 971 833 1004 et
852 965 1012 1011 „hostes
1028 965 1068 1002 in
1085 964 1182 1002 urhe
1198 968 1316 1002 sunt“
1335 963 1468 1002 audie-

61 1022 215 1060 bantur.
268 1022 446 1061 consules
475 1026 512 1060 et
539 1034 689 1060 armare
715 1021 868 1072 plebem
899 1026 936 1059 et
955 1020 1143 1058 inermem
1166 1020 1246 1070 pati
1266 1019 1466 1058 timebant.
1497 1030 1515 1060 7

61 1078 215 1124 incerti,
247 1078 351 1128 quod
380 1077 523 1116 malum
554 1078 820 1128 repentinum,
849 1082 1051 1116 externum
1079 1087 1127 1114 an
1153 1075 1398 1121 intestinum,
1422 1076 1468 1115 ab

63 1133 153 1173 odio
179 1134 300 1185 plebis
333 1146 382 1173 an
403 1134 449 1173 ab
472 1134 597 1172 servili
619 1134 771 1182 fraude,
798 1133 934 1172 urbem
955 1133 1174 1179 invasisset,
1197 1132 1383 1171 sedabant
1403 1137 1468 1171 tu-

62 1190 223 1237 multus,
251 1190 421 1230 sedando
448 1191 643 1229 interdum
670 1190 895 1229 movebant:
924 1202 996 1229 nec
1023 1189 1126 1228 enim
1150 1194 1302 1239 poterat
1327 1188 1467 1240 pavida

64 1252 101 1285 et
126 1252 371 1286 consternata
398 1246 605 1286 multitudo
634 1247 714 1297 regi
739 1247 916 1298 imperio.
968 1246 1060 1284 dant
1085 1251 1214 1293 tamen
1236 1258 1358 1292 arma,
1386 1257 1467 1284 non
1496 1255 1514 1287 8

62 1303 193 1354 vulgo,
213 1308 365 1342 tantum
386 1309 429 1342 ut
449 1304 595 1342 incerto
618 1303 732 1342 hoste
753 1303 990 1355 praesidium
1012 1302 1105 1340 satis
1127 1302 1247 1340 fidum
1271 1302 1317 1340 ad
1335 1302 1467 1341 omnia

60 1406 239 1441 coniurat„
260 1403 355 1434 Dion.
371 1413 398 1434 c.
418 1403 450 1434 9.
469 1404 635 1434 berichtet
648 1413 726 1434 aus-

61 1447 202 1480 fiihrlich
232 1448 314 1479 iiber
343 1448 507 1479 dieselbe:
542 1458 614 1479 man
644 1448 726 1479 habe

60 1493 227 1534 geglaubt‚
255 1493 321 1524 alle
344 1492 517 1531 Patricier‚
548 1494 628 1524 oder
655 1502 726 1524 we-

61 1539 211 1579 nigstens
240 1538 293 1569 die
321 1540 471 1570 iuniores
500 1534 639 1570 stiinden
668 1538 728 1569 mit

61 1582 165 1615 Caeso
196 1585 227 1614 in
254 1582 479 1623 Verbindung.
518 1584 578 1615 Als
602 1583 727 1614 Zweck

59 1629 143 1659 wird
171 1629 214 1660 im
234 1627 327 1668 Folg.
351 1628 540 1668 angegeben
566 1628 616 1659 die
641 1628 727 1659 Her-

58 1673 206 1714 stellung
237 1673 296 1704 der
328 1671 537 1713 Verfassung
568 1683 630 1704 vor
668 1674 728 1704 der

57 1718 264 1758 Einsetzung
281 1719 339 1749 des
357 1718 569 1750 Tribunates.
587 1719 726 1760 —for-

55 1774 122 1804 ma,
140 1761 359 1803 Versassung.

99 1808 178 1840 4-5.
196 1808 240 1840 Et
254 1809 344 1839 steht
357 1809 447 1839 nicht
459 1808 518 1839 mit
531 1819 593 1850 que
606 1809 636 1839 iu
645 1819 726 1852 pro-

50 1855 195 1896 piusque
214 1854 244 1884 in
263 1853 462 1894 Beziehung,
487 1863 514 1884 s.
533 1853 564 1893 2,
584 1854 615 1894 4,
635 1854 672 1892 53
692 1854 723 1894 4,

52 1898 93 1939 2,
119 1898 156 1938 3,
181 1899 322 1930 sondern
346 1896 418 1939 fiigt
440 1909 503 1929 nur
525 1898 585 1929 den
616 1909 722 1930 neuen

54 1942 268 1984 Gegenstand
285 1953 338 1982 an,
356 1954 383 1975 S.
402 1943 455 1982 21,
470 1943 522 1985 26,
542 1943 571 1974 3.
589 1962 634 1966 —
650 1947 723 1975 sta-

54 1991 127 2021 tum
159 2008 181 2011 —
213 1989 373 2021 sollemne
405 1999 468 2020 von
503 1989 722 2030 regelmiissig

52 2034 371 2065 wiederkehrenden
403 2034 585 2074 religiosen
605 2034 723 2066 Feier-

53 2079 233 2111 lichkeiten
253 2080 419 2110 entlehnt:
444 2089 505 2110 zur
523 2079 627 2110 Sache
646 2089 671 2111 S.
692 2090 720 2111 c.

56 2123 106 2164 10,
123 2123 160 2162 8,
179 2124 210 2162 4,
224 2124 278 2164 45,
294 2124 329 2154 4;
344 2126 588 2157 anniversariis
600 2127 719 2157 armis.

53 2186 97 2191 —-
114 2169 244 2206 exules,
263 2169 535 2200 wahrscbeinlich
552 2170 666 2201 hatten
688 2171 719 2201 in

53 2214 115 2244 den
149 2214 403 2254 Streitigkeiten
436 2215 528 2245 mehr
556 2214 721 2247 Patricier

52 2259 155 2290 sowol
185 2259 235 2290 als
260 2259 415 2300 Plebejer
443 2260 494 2290 die
519 2259 616 2291 stadt
643 2271 721 2292 ver-

51 2304 163 2335 lassen
196 2305 349 2343 miissen,
377 2304 426 2335 als
458 2304 494 2336 L.
527 2305 719 2345 angegeben

51 2349 118 2390 hat,
133 2350 201 2389 vgl.
217 2350 244 2390 2,
262 2349 314 2389 20,
329 2350 365 2380 7:
384 2350 425 2381 ib.
437 2349 536 2390 40‚4;
557 2350 615 2381 Dio
626 2350 718 2384 Cass.

50 2392 113 2434 frg.
129 2394 182 2434 22,
201 2394 394 2435 Schwegler
410 2394 441 2431 2,
466 2394 542 2426 378.
557 2413 601 2418 —-
613 2395 660 2427 ad
675 2396 720 2428 ist

50 2439 211 2479 Adverb.;
229 2440 258 2482 8,
280 2440 330 2478 18,
350 2439 385 2471 8:
406 2439 526 2472 delatis
544 2440 590 2472 ad
601 2443 723 2483 viginti

50 2487 235 2523 matronz's3
251 2486 283 2526 4,
299 2485 353 2526 59,
369 2486 406 2524 73
425 2486 474 2525 10,
493 2485 638 2524 17‚8.—
651 2486 716 2518 duo

51 2540 114 2568 m.;
130 2531 209 2562 nach
226 2531 319 2562 Dion.
334 2541 445 2562 waren
461 2541 496 2562 es
511 2531 598 2561 4000
608 2531 718 2563 Clien-

52 2579 106 2606 ten
125 2576 187 2607 und
207 2575 352 2608 Sklaven
372 2577 430 2607 des
449 2577 573 2618 Appius
591 2576 719 2608 Herdo-

51 2619 136 2660 nius,
161 2621 227 2661 vgl.
251 2620 282 2662 2,
309 2621 359 2653 16.
383 2639 428 2644 —
453 2621 592 2664 Capitol.
617 2633 647 2653 α.
671 2633 716 2663 a.,

52 2674 78 2697 s.
96 2665 125 2707 1,
141 2664 194 2705 33,
213 2665 251 2706 23
276 2667 359 2698 nach
376 2666 473 2699 Dion.
494 2668 631 2699 nehmen
656 2668 714 2710 sie,

799 1402 858 1435 auf
869 1402 1038 1434 derTiber
1050 1402 1356 1442 herabgekommen,
1367 1403 1469 1434 durch

800 1449 851 1480 ein
877 1447 1001 1479 offenes
1019 1446 1120 1486 Thor,
1141 1457 1168 1478 S.
1194 1447 1320 1478 Becker
1342 1448 1372 1487 1,
1390 1447 1466 1488 487,

800 1493 1029 1533 eindringend,
1055 1497 1126 1523 erst
1144 1493 1201 1523 das
1219 1492 1358 1534 Capitol,
1383 1503 1410 1524 S.
1436 1493 1467 1534 5,

799 1539 852 1580 46,
867 1539 895 1579 9,
915 1539 999 1569 dann
1018 1538 1069 1569 die
1087 1547 1159 1568 arx.

846 1583 923 1615 6-7.
956 1593 1090 1622 eorum,
1117 1583 1168 1614 die
1193 1583 1268 1614 dort
1292 1582 1467 1614 Wohnen-

801 1629 874 1667 den,
890 1638 917 1659 S.
942 1629 973 1669 5,
997 1628 1048 1668 50,
1072 1628 1103 1658 4.
1122 1645 1166 1650 —-
1183 1627 1229 1659 ad
1243 1637 1352 1668 arma,
1382 1638 1408 1659 S.
1435 1628 1465 1668 9,

798 1674 854 1714 24,
873 1673 903 1704 9.
921 1690 964 1695 -—
989 1674 1161 1713 timebant,
1186 1683 1212 1704 s.
1236 1672 1265 1714 2,
1291 1673 1342 1714 12,
1366 1673 1401 1703 7:
1427 1675 1467 1704 ta·-

798 1729 893 1750 mens
910 1719 1087 1750 sciscitari.
1106 1735 1152 1741 —
1167 1719 1208 1749 ab
1236 1717 1317 1758 odio,
1344 1728 1466 1749 veran-

797 1764 883 1795 lasst
911 1764 1023 1802 durch,
1052 1763 1082 1794 in
1107 1762 1212 1803 Folge
1236 1773 1310 1804 von,
1341 1763 1403 1794 wie
1427 1762 1464 1794 L.

799 1807 847 1840 oft
891 1808 943 1840 bei
989 1808 1378 1848 Gemiithsbewegungen
1425 1809 1465 1839 ab

796 1854 947 1885 braucht.
965 1872 1003 1876 -
1025 1853 1184 1890 sedando,
1211 1855 1293 1884 auch
1320 1853 1377 1884 das
1398 1852 1465 1884 Ge-

796 1899 891 1930 rund.
911 1899 993 1930 wird
1012 1898 1183 1930 bisweilen
1203 1908 1265 1929 von
1285 1899 1356 1929 dem
1374 1898 1465 1929 blos-

796 1954 853 1975 sen
873 1943 1010 1975 wollen
1028 1943 1218 1983 gebraucht,
1238 1953 1264 1974 s.
1284 1954 1311 1974 c.
1332 1943 1385 1982 65,
1407 1943 1463 1982 11;

795 1989 849 2029 69,
874 1989 912 2022 4;
938 1988 993 2029 24,
1017 1988 1071 2026 32,
1097 1989 1132 2019 5:
1159 1988 1383 2025 deterrenti&
1410 1988 1463 2027 30,

797 2034 847 2073 13,
878 2034 915 2065 2:
946 2034 1012 2074 vgl.
1044 2033 1122 2065 Tac.
1151 2033 1188 2065 H.
1223 2034 1251 2074 l,
1285 2034 1340 2064 17:
1376 2033 1464 2065 male

793 2081 976 2111 coercitam
1016 2080 1159 2121 samam
1211 2081 1462 2122 supprimentes

792 2126 980 2166 (ηις-εὐαγής
999 2124 1082 2156 iiber
1098 2124 1262 2156 sedabant
1276 2143 1300 2147 —
1312 2123 1461 2156 sedando

816 2170 896 2201 raef.
917 2171 947 2201 7.

792 2181 811 2213 p
839 2215 868 2247 8.
895 2226 994 2248 arma
1011 2220 1087 2254 etc„
1114 2219 1210 2246 sonst
1235 2214 1368 2246 miissen
1393 2214 1461 2246 sich

791 2271 843 2292 um
862 2261 953 2292 diese
973 2260 1048 2291 Zeit
1065 2261 1116 2292 die
1133 2261 1261 2299 Biirger
1278 2259 1385 2291 selbst
1402 2259 1463 2291 be-

792 2306 943 2343 waffnen,
963 2316 989 2337 s.
1011 2306 1039 2345 1,
1056 2305 1117 2337 43:
1136 2306 1190 2344 42,
1209 2305 1262 2344 52,
1283 2305 1339 2336 11:
1363 2315 1461 2336 arma

790 2351 866 2383 illos
890 2351 1108 2391 (Romanos)
1128 2352 1251 2383 habere
1279 2361 1363 2392 quae
1397 2351 1463 2381 sibe·

791 2399 930 2438 quisque
955 2399 1139 2440 paraverit.
1181 2396 1302 2437 Spiiter
1330 2395 1391 2434 gab
1423 2405 1458 2426 es

791 2442 979 2473 offentliche
1008 2441 1235 2482 Zeugh'ziuser,
1265 2450 1324 2471 aus
1355 2441 1459 2470 denen

790 2488 841 2518 die
852 2487 982 2519 VVaffen
998 2487 1187 2527 abgegeben
1202 2486 1335 2516 werden
1352 2485 1458 2515 konn-

789 2537 856 2573 ten,
875 2543 902 2564 S.
921 2532 974 2570 22,
993 2533 1045 2572 57,
1068 2533 1122 2570 113
1145 2532 1175 2571 9,
1194 2531 1247 2569 29,
1265 2530 1303 2567 4ς
1331 2528 1383 2567 26,
1403 2530 1456 2569 51,

790 2576 820 2609 8.
836 2596 879 2600 —
893 2578 1006 2619 vulgo,
1025 2588 1086 2608 nur
1099 2575 1351 2614 zuverliissigen
1367 2574 1455 2604 Leu-

788 2628 855 2663 ten,
874 2633 900 2654 S.
922 2623 950 2663 l,
969 2622 1022 2661 43,
1041 2622 1071 2654 8.
1106 2621 1194 2653 Nach
1215 2621 1309 2651 Dion.
1329 2619 1457 2659 ergrei-

788 2667 842 2700 fen
865 2668 930 2700 alle
954 2678 1019 2700 von
1043 2668 1150 2699 selbst
1173 2666 1224 2697 die
1252 2663 1394 2697 Wall'en.
1413 2682 1458 2687 —-
