1698 2864
664 216 792 249 LIBER
815 215 871 249 lv.
913 216 1006 249 CAP.
1026 216 1057 249 2.
1076 216 1107 249 3.
1417 233 1443 251 a.
1465 233 1493 251 u.
1514 226 1577 252 309.

186 219 265 259 148

183 319 298 358 etiam
331 318 560 370 eripuerint,
590 318 769 358 consules
805 322 961 371 paratos
995 331 1081 358 esse
1109 318 1224 358 duces
1260 318 1367 370 prius
1399 318 1585 358 adversus

184 374 307 414 scelus
329 375 469 414 civium
491 387 607 425 quam
628 375 810 414 adversus
832 375 1005 414 hostium
1026 387 1144 414 arma.

129 431 154 471 3
295 430 391 470 Cum
413 431 578 470 maxime
605 432 698 470 haec
718 431 757 470 in
779 436 915 471 senatu
935 436 1151 482 agerentur,
1173 431 1376 470 Canuleius
1399 442 1470 482 pro
1491 430 1588 482 legi-

134 494 153 526 2
183 487 254 527 bus
286 487 365 527 suis
395 493 432 527 et
461 488 642 527 adversus
671 488 849 527 consules
870 488 921 526 ita
943 487 1142 527 disseruit:
1173 493 1342 538 „quanto
1366 499 1483 539 opere
1503 499 1586 533 vos,

184 543 363 591 Quirites,
387 549 679 584 contemnerent
698 549 844 595 patres,
868 556 984 595 quam
1004 543 1184 595 indignos
1207 544 1404 591 ducerent,
1425 543 1491 594 qui
1511 554 1588 582 una

182 612 317 640 secum
338 601 433 640 urbe
455 601 555 640 intra
576 600 707 640 eadem
730 601 884 639 moenia
902 600 1090 647 viveretis,
1114 612 1229 651 saepe
1251 600 1430 650 equidem
1447 603 1483 638 et
1498 604 1588 638 ante

181 656 316 696 videor
343 657 682 705 animadvertisse,
711 668 816 696 nunc
835 661 967 695 tamen
993 657 1176 704 maxime,
1197 656 1300 707 quod
1322 655 1416 694 adeo
1438 659 1587 694 atroces

134 719 153 752 3
182 713 222 752 in
249 713 318 752 has
347 713 568 764 rogationes
596 717 753 752 nostras
783 712 908 752 coorti
935 717 1047 759 sunt,
1077 712 1218 763 quibus
1241 711 1333 762 quid
1354 711 1457 749 aliud
1473 723 1588 762 quam

181 769 437 808 admonemus
467 769 566 808 cives
595 781 668 808 nos
697 781 834 808 eorum
863 781 969 815 esse,
999 774 1047 815 et,
1071 768 1206 807 sinon
1229 767 1385 807 easdem
1403 779 1496 818 opes
1517 767 1591 806 ha-

180 825 284 872 bere,
307 825 470 864 eandem
492 830 622 864 tamen
643 825 806 876 patriam
828 822 1024 863 incolere?
1046 824 1161 863 altera
1178 823 1390 863 conubium
1406 823 1588 875 petimus,

132 890 153 922 4
182 881 287 933 quod
316 881 502 920 finitumis
530 882 774 932 externisque
802 881 884 920 dari
914 881 1012 919 solet
1038 904 1093 909 —
1113 892 1186 919 nos
1208 879 1363 931 quidem
1385 879 1589 926 civitatem,

181 950 276 988 quae
296 938 384 988 plus
403 950 517 989 quam
535 937 748 977 conubium
765 942 835 984 est,
858 937 1039 976 hostibus
1057 937 1172 976 etiam
1191 937 1297 975 victis
1318 935 1496 975 dedimus
1514 948 1589 982 —3

133 1003 151 1033 5
180 994 298 1033 altera
319 994 413 1033 nihil
429 994 519 1033 novi
535 993 708 1041 ferimus,
730 994 798 1033 sed
815 994 866 1040 id,
885 993 989 1045 quod
1007 993 1141 1044 populi
1158 998 1229 1039 est,
1246 992 1458 1044 repetimus
1476 996 1591 1043 atque

133 1058 152 1090 6
181 1063 418 1101 usurpamus
433 1082 442 1098 ,
475 1055 518 1090 ut
540 1050 678 1102 quibus
707 1050 795 1088 velit
815 1050 983 1101 populus
1001 1050 1203 1089 Romanus
1224 1049 1396 1088 honores
1418 1048 1586 1087 mandet.

182 1107 274 1158 quid
295 1107 452 1146 tandem
474 1111 544 1153 est,
568 1119 634 1146 cur
657 1107 802 1146 caelum
826 1119 868 1145 ac
888 1111 1010 1145 terras
1027 1106 1224 1153 misceant,
1246 1106 1367 1144 curin
1385 1117 1448 1144 me
1463 1105 1590 1156 impe-

180 1168 244 1202 tus
273 1163 392 1202 modo
418 1175 539 1214 paene
568 1163 606 1201 in
637 1168 771 1202 senatu
793 1162 843 1201 sit
859 1162 995 1209 factus,
1014 1167 1154 1213 negent
1174 1174 1216 1200 se
1237 1161 1415 1200 manibus
1436 1165 1590 1211 tempe-

133 1229 151 1260 7
181 1224 333 1258 raturos
369 1219 655 1270 violaturosque
689 1219 917 1258 denuntient
944 1223 1232 1257 sacrosanctam
1263 1214 1527 1269 potestatem?
1557 1215 1591 1255 si

180 1275 327 1327 populo
350 1276 529 1314 Romano
560 1275 723 1314 liberum
752 1275 978 1325 suffragium
1000 1275 1131 1322 datur,
1160 1279 1202 1313 ut
1223 1273 1363 1325 quibus
1385 1273 1475 1312 velit
1495 1284 1592 1312 con-

179 1331 349 1371 sulatum
375 1332 550 1377 mandet,
580 1337 617 1370 et
645 1344 726 1370 non
748 1331 981 1383 praeciditur
997 1343 1087 1382 spes
1110 1330 1260 1383 plebeio
1284 1342 1452 1381 quoque,
1475 1329 1509 1368 si
1531 1329 1592 1368 di-

180 1400 278 1439 gnus
308 1400 464 1427 summo
486 1389 636 1427 honore
657 1388 744 1434 erit,
776 1387 973 1439 apiscendi
1001 1387 1144 1426 summi
1171 1387 1353 1434 honoris,
1375 1391 1477 1425 stare
1499 1385 1591 1425 urbs

227 1505 270 1544 3.
298 1511 375 1542 2-4.
392 1522 462 1543 una
478 1513 573 1552 urbe,
591 1521 617 1543 s.
638 1511 665 1552 1,
684 1510 737 1549 34,
760 1511 790 1542 s.
811 1530 854 1534 -

182 1567 316 1597 secum,
337 1556 372 1598 2,
392 1556 451 1597 20,
473 1556 524 1589 11.
542 1575 586 1579 -
602 1556 728 1597 videor,
750 1557 778 1596 l,
798 1556 852 1596 23,

928 1510 981 1550 28,
994 1510 1029 1541 4:
1044 1508 1250 1542 Samnitium
1262 1511 1405 1547 animos,
1422 1507 1595 1541 Gallorum

927 1555 1059 1598 quidem
1076 1556 1178 1587 etiam
1195 1565 1352 1598 corpora,
1378 1553 1438 1595 33,
1468 1553 1528 1595 32,
1557 1553 1592 1606 1⁶3

184 1603 214 1634 7.
227 1620 271 1625 -—-
284 1601 364 1644 quid
375 1601 432 1642 al.,
451 1601 503 1644 31,
526 1601 577 1640 13,
600 1602 631 1634 4.
646 1619 690 1624 —-
702 1601 854 1633 admon.:

181 1647 338 1679 erinnem
355 1647 472 1686 daran,
496 1645 591 1678 rufen
616 1647 667 1678 ins
692 1645 857 1678 Gedaieht-

182 1693 263 1732 niss,
283 1702 309 1723 s.
328 1692 382 1731 24,
401 1691 431 1732 9,
450 1691 485 1722 2:
510 1691 689 1723 admonuit
708 1701 784 1723 cum
801 1703 853 1723 se-

182 1738 320 1770 curibus
337 1737 403 1768 sibz'
414 1737 539 1778 fasces
556 1737 746 1779 praeferri3
774 1737 804 1776 5,
823 1737 852 1778 2,

185 1782 238 1814 11.
255 1800 300 1805 -—
316 1783 404 1814 cives
423 1781 618 1823 Mitbiirger,
637 1792 664 1813 c.
684 1782 715 1821 4,
737 1781 794 1819 12,
821 1782 851 1822 5,

183 1827 216 1867 2,
247 1827 298 1858 11.
324 1844 369 1849 —
392 1827 529 1867 habere,
559 1827 609 1858 als
639 1827 679 1858 ob
708 1826 851 1868 quidem,

184 1872 274 1903 nicht
289 1873 326 1915 ’.ςί
342 1872 581 1912 vorangienge,
607 1872 674 1911 vgl.
693 1882 720 1904 c.
742 1871 791 1909 15,
812 1873 851 1911 5,

184 1916 239 1956 51,
257 1917 295 1955 4,
315 1917 345 1957 2,
362 1916 414 1957 13,
429 1916 466 1955 8,
482 1916 536 1957 36,
551 1917 603 1958 43,
621 1917 651 1947 6.
666 1935 709 1940 —-
723 1918 852 1957 conub.,

188 1962 217 2002 1,
236 1961 265 2002 9,
284 1961 315 1992 4.
334 1979 379 1984 —
393 1962 499 2002 finit„
517 1962 686 2001 Latinern,
705 1972 731 1994 s.
753 1961 780 2001 1,
799 1961 853 2003 49,

186 2006 223 2044 9,
242 2009 406 2045 externis,
424 2011 511 2038 etwa
525 2006 738 2049 Campanern,
757 2016 782 2037 s.
800 2005 853 2046 23,

186 2051 223 2091 5,
242 2051 277 2092 9,
295 2051 359 2082 und
376 2052 521 2082 anderen
540 2052 853 2091 Bundesgenossen,

184 2106 211 2127 s.
230 2095 322 2126 Fest.
341 2106 371 2137 p.
392 2095 454 2126 170
472 2095 672 2133 Numerius,
699 2097 765 2136 vgl.
784 2095 852 2127 Cic.

185 2139 263 2182 Rep.
289 2139 326 2180 2,
356 2139 413 2171 37:
444 2142 501 2182 qui
520 2141 725 2180 <decemvir-z]
750 2142 853 2172 etiam

183 2196 267 2228 quae
291 2185 450 2217 diiunctis
470 2186 605 2228 populis
623 2186 728 2217 tribui
743 2185 852 2217 solent

184 2231 340 2270 conubia,
369 2230 449 2262 haec
470 2230 519 2262 illi
538 2234 577 2262 ut
597 2242 639 2262 ne
654 2230 761 2274 plebei
776 2241 851 2263 cum

182 2276 340 2319 patribus
353 2278 465 2307 essent
478 2276 766 2308 inhumanissima
779 2276 852 2317 lege

182 2323 393 2358 sanz-erun&
415 2321 497 2351 doch
516 2320 654 2352 bestand
672 2322 729 2352 das
748 2331 851 2352 conu-

183 2366 271 2397 bium
287 2366 347 2397 der
360 2367 442 2397 ro'm.
453 2365 615 2397 Patricier
632 2366 697 2398 wol
716 2377 777 2397 nur
793 2366 852 2398 mit

184 2411 247 2442 den
277 2410 411 2454 populls
446 2410 667 2450 (Patriciern)
709 2412 852 2443 andex-ex·

185 2455 339 2497 Staaten,
357 2455 424 2496 vgl.
443 2455 497 2496 23,
515 2455 545 2496 2,
565 2455 602 2496 6,
621 2455 799 2488 Mommsen
821 2456 849 2495 1,

188 2500 261 2532 106.
285 2518 331 2524 —
351 2500 482 2543 quidem
505 2506 594 2533 setzt
615 2512 678 2533 nos
696 2502 767 2533 dem
785 2501 850 2533 all-

183 2546 356 2586 gemeinen
382 2545 537 2587 Subjecte
563 2547 593 2578 in
623 2546 709 2578 solet
736 2551 852 2586 eutge-

184 2601 264 2631 gen,
289 2592 391 2622 etiam
414 2592 557 2632 steigert
579 2592 693 2623 hostes
716 2592 758 2623 im
784 2591 850 2623 Ge-

184 2641 341 2677 gensatze
360 2647 400 2668 zu
409 2637 502 2679 finit.
521 2638 684 2677 externis,
708 2637 775 2677 vgl.
799 2637 849 2676 10,

928 1601 987 1638 27,
1007 1601 1067 1640 45,
1085 1600 1123 1639 5,
1142 1599 1203 1640 21,
1221 1599 1275 1640 30,
1294 1600 1332 1639 7,
1351 1600 1370 1631 9
1388 1610 1418 1631 u.
1437 1609 1467 1630 a.
1485 1608 1593 1630 -ει-

926 1647 1075 1686 vitatem,
1091 1655 1154 1677 von
1169 1646 1280 1677 dieser
1292 1645 1337 1677 ist
1350 1645 1407 1676 das
1422 1643 1594 1675 conubium

926 1690 1158 1732 urspriioglich
1187 1701 1249 1722 nur
1277 1690 1328 1721 ein
1355 1689 1593 1729 Bestandtheil,

926 1736 986 1767 der
998 1735 1211 1767 aberseither
1220 1736 1280 1767 den
1291 1734 1466 1775 Plebejern
1476 1738 1593 1765 entzo-

923 1791 985 1821 gen
1005 1791 1085 1819 war,
1105 1790 1131 1812 S.
1146 1791 1173 1812 c.
1192 1780 1220 1821 1,
1242 1780 1276 1819 1,
1294 1780 1360 1821 vgl.
1374 1779 1453 1811 Tac.
1471 1778 1519 1820 11,
1539 1778 1592 1809 24.

971 1827 989 1857 5
1002 1845 1025 1848 —
1038 1825 1067 1856 6.
1102 1828 1302 1868 repetimus,
1327 1825 1408 1856 auch
1427 1824 1478 1855 die
1496 1823 1592 1855 Frei-

924 1871 991 1902 heit
1005 1870 1172 1902 derwanl
1186 1871 1270 1902 wird
1283 1870 1332 1901 als
1347 1870 1397 1900 ein
1412 1869 1594 1910 urspriing-

925 1916 1028 1947 liches
1049 1916 1108 1946 der
1126 1915 1222 1946 Plebs
1241 1915 1342 1946 durch
1360 1914 1412 1946 die
1430 1913 1595 1953 Patricier

926 1965 1130 2000 entzogenes
1151 1959 1255 1991 Recht
1280 1957 1593 1999 zuriickgefordert.

925 2023 970 2029 ·—
986 2015 1176 2048 usur-pam,
1202 2015 1229 2036 s.
1248 2015 1276 2036 c.
1295 2005 1355 2042 44,
1374 2004 1412 2042 4,
1432 2003 1467 2043 3,
1485 2003 1544 2043 71,
1563 2003 1594 2035 7.

925 2068 969 2073 --
985 2052 1132 2093 impetus
1150 2054 1230 2089 etc.,
1250 2060 1275 2081 s.
1294 2060 1321 2081 c.
1344 2049 1375 2087 1,
1395 2048 1414 2080 6
1432 2050 1594 2081 territan-

928 2095 980 2127 do.
996 2113 1040 2118 —
1057 2095 1185 2127 caelum
1203 2099 1266 2126 etc.
1286 2094 1354 2126 Iuv.
1373 2093 1411 2135 2,
1437 2093 1494 2126 25:
1519 2095 1594 2136 quis

926 2140 1053 2171 caelum
1077 2142 1179 2172 terris
1201 2150 1268 2172 non
1292 2141 1434 2171 misceat
1450 2141 1483 2171 et
1498 2148 1594 2171 mare

926 2186 1037 2217 caelo?

971 2231 1001 2262 7.
1031 2232 1064 2261 si
1082 2241 1115 2274 p.
1141 2230 1198 2270 R„
1230 2241 1265 2262 es
1290 2229 1401 2270 folgeu
1429 2229 1594 2260 zuniichst

927 2275 1061 2307 Griinde
1091 2286 1194 2316 gegen
1224 2276 1276 2307 die
1295 2275 1506 2315 Bestreitung
1534 2274 1592 2306 des
1626 2301 1635 2313 ,

926 2321 1054 2352 zuletzt
1071 2321 1263 2352 erwiihnten
1280 2319 1517 2360 Vorschlages.

925 2366 1085 2405 liberum,
1117 2377 1143 2398 s.
1168 2366 1203 2405 3,
1234 2365 1293 2404 64,
1324 2366 1354 2397 5.
1373 2383 1418 2388 -
1433 2367 1467 2396 et
1489 2374 1556 2396 non
1572 2382 1594 2386 -

924 2422 1068 2454 quoque,
1086 2421 1111 2442 s.
1134 2410 1169 2452 1,
1195 2411 1253 2452 56,
1277 2411 1307 2442 8.
1343 2409 1437 2441 Caes.
1458 2409 1492 2441 B.
1511 2408 1545 2441 C.
1564 2408 1594 2451 3,

925 2456 983 2496 37,
1002 2456 1040 2489 2:
1060 2455 1138 2488 Tac.
1157 2456 1243 2488 Anu.
1262 2455 1301 2496 3,
1327 2455 1380 2486 54.
1401 2473 1444 2477 —
1460 2464 1592 2487 summo

924 2502 999 2533 lton.
1037 2501 1179 2541 konnte,
1217 2501 1258 2532 da
1294 2502 1421 2532 summi
1454 2500 1594 2531 honoris

923 2545 1026 2586 folgt,
1055 2547 1157 2578 leicht
1182 2544 1308 2584 feblen,
1338 2545 1404 2577 soll
1427 2544 1507 2575 aber
1530 2545 1592 2576 deu

923 2591 1157 2633 Hauptbegriff
1170 2590 1396 2623 hervorheben
1409 2615 1416 2628 ,
1436 2599 1462 2621 s.
1482 2589 1518 2629 2,
1541 2588 1591 2629 18,

924 2636 959 2667 8:
974 2636 1160 2676 auoeilium3
1180 2636 1223 2668 ib.
1242 2636 1300 2676 47,
1329 2634 1384 2666 11:
1404 2634 1590 2678 triumplw3
