1698 2864
108 126 131 144 a.
152 116 204 144 Ch.
224 118 286 143 471.

107 210 289 262 temptim
311 210 359 249 de
381 210 464 250 iure
487 209 717 249 disserendo
739 209 971 260 perturbare
990 210 1215 249 Laetorium
1237 215 1402 261 poterat.

601 106 726 139 LIBER
745 106 782 140 11.
824 107 918 140 CAP.
936 109 990 140 56.
1016 109 1070 140 57.

1440 108 1516 149 341

1453 223 1516 249 ΗΓ·
1547 217 1587 250 13

107 266 205 305 (16115
225 266 344 317 igitur
365 266 422 305 ira
444 266 627 306 tribunus
651 266 838 305 viatorem
861 265 980 304 mittit
1001 266 1049 304 ad
1071 266 1289 312 consulem,
1312 267 1450 305 consul
1470 265 1523 305 li-'

107 328 255 362 ctorem
267 323 313 361 ad
331 323 551 369 tribunum,
569 322 764 374 privatum
789 335 875 361 esse
901 321 1116 368 clamitans,
1135 322 1220 361 sine
1236 323 1414 374 imperio,
1433 323 1519 362 sine

106 380 355 431 magistratu3
377 379 619 431 violatusque
640 384 744 418 esset
767 379 960 424 tribunus,
983 378 1024 417 ni
1046 383 1084 417 et
1105 378 1235 417 contio
1258 380 1386 418 omnis
1408 386 1519 419 atrox
1549 386 1590 419 14

105 441 237 475 coorta
258 447 329 487 pro
350 436 513 475 tribuno
534 436 575 475 in
598 436 798 476 consulem
823 441 938 481 esset,
962 441 1001 473 et
1018 447 1233 474 concursus
1250 435 1456 474 hominum
1479 436 1521 474 in

103 493 234 532 forum
255 505 303 531 ex
324 497 406 532 tota
429 493 524 532 urbe
547 493 762 532 concitatae
784 491 1048 531 multitudinis
1071 492 1192 530 fieret.
1221 492 1439 530 sustinebat
1461 498 1519 531 ta-

104 561 197 588 men
217 549 364 600 Appius
386 550 601 600 pertinacia
622 555 771 588 tantam
792 553 1093 600 tempestatem,
1123 553 1394 599 certatumque
1417 548 1520 587 haud
1549 558 1588 589 15

104 605 315 645 incruento
337 607 486 657 proelio
508 607 623 656 foret,
647 606 688 644 ni
710 605 931 654 Quinctius,
955 605 1093 644 consul
1115 605 1224 650 alter,
1247 605 1520 644 consularibus

103 662 260 713 negotio
283 663 384 709 dato,
407 668 450 701 ut
471 663 657 714 collegam
678 662 726 707 vi,
749 662 782 701 51
800 663 912 702 aliter
930 673 1009 701 non
1026 667 1200 712 possent,
1225 661 1272 700 de
1290 661 1377 700 foro
1396 661 1520 700 abdu-

104 724 259 766 cerent,
288 720 370 770 ipse
398 731 506 759 nunc
534 720 688 771 plebem
715 719 953 758 saevientem
982 718 1166 769 precibus
1196 718 1376 763 lenisset,
1414 730 1521 756 nunc

103 781 252 814 orasset
274 775 469 825 tribunos,
493 783 536 815 ut
558 775 765 815 concilium
780 775 1041 814 dimitterent:
1067 776 1205 814 darent
1226 774 1306 814 irae
1327 774 1518 826 spatium,
1549 783 1588 814 16

104 844 186 870 non
218 833 295 870 vini
318 845 429 871 suam
451 833 524 872 illis
546 840 704 884 tempus
726 833 1016 883 adempturum,
1049 832 1118 871 sed
1141 832 1348 871 consilium
1372 831 1520 870 viribus

101 888 337 935 additurum,
362 894 400 928 et
421 895 552 940 patres
573 890 613 928 in
630 889 763 940 populi
781 894 819 928 et
836 890 1037 928 consulem
1059 889 1100 927 in
1121 894 1278 939 patrum
1301 888 1385 927 fore
1407 894 1520 939 pote—

101 951 214 984 state.
246 946 368 996 Aegre
389 947 521 984 sedata
539 945 586 984 ab
605 946 789 993 Quinctio
812 945 936 996 plebs,
955 946 1079 984 multo
1097 945 1249 995 aegrius
1264 945 1403 984 consul
1419 945 1516 983 alter
1540 949 1591 984 57

100 1014 120 1040 a
141 1001 332 1052 patribus.

386 1002 546 1041 dimisso
578 1003 737 1041 tandem
771 1001 935 1040 concilio
966 1001 1092 1052 plebis
1121 1007 1303 1040 senatum
1334 1001 1515 1040 consules
1542 1006 1560 1037 2

98 1058 258 1096 habent.
291 1058 358 1097 ubi
379 1071 468 1097 cum
492 1059 612 1097 timor
632 1065 750 1109 atque
772 1058 829 1097 ira
852 1059 892 1096 in
914 1058 1037 1096 vicem
1055 1057 1270 1097 sententias
1286 1058 1517 1103 variassent,

99 1127 177 1165 quo
200 1114 322 1165 magis
344 1115 470 1166 spatio
494 1115 727 1166 interposito
758 1115 805 1154 ab
826 1115 976 1166 impetu
1000 1115 1047 1154 ad
1071 1114 1376 1154 consultandum
1400 1115 1520 1153 advo-

99 1170 364 1218 cabantu1,eo
380 1172 467 1223 plus
485 1171 748 1211 abhorrebant
760 1185 779 1211 a
792 1171 1147 1217 certationeanimi,
1165 1172 1259 1210 adeo
1274 1178 1317 1227 ut
1335 1171 1518 1218 Quinctio

100 1228 238 1278 gratias
261 1237 434 1278 agerent,
459 1229 563 1279 quod
583 1229 665 1267 eius
684 1240 800 1279 opera
823 1228 995 1278 mitigata
1013 1228 1205 1267 discoidia
1225 1222 1336 1267 esset.
1370 1228 1416 1267 ab
1431 1231 1563 1279 ,Δρ-3

97 1285 161 1336 pio
183 1285 342 1336 petitur,
365 1291 409 1324 ut
426 1290 573 1324 tantam
591 1286 835 1324 consularem
856 1286 1102 1324 maiestatem
1119 1298 1201 1324 esse
1218 1285 1344 1329 vellet,
1368 1298 1435 1336 qu
1425 1289 1516 1323 lnta

98 1353 183 1380 6556
213 1341 253 1379 111
285 1342 469 1380 concordi
502 1342 657 1381 civitate
679 1348 824 1394 posset.
868 1343 961 1381 dum
990 1342 1139 1380 tribuni
1171 1342 1432 1393 consulesque
1466 1342 1514 1379 ad

97 1410 138 1436 56
156 1397 320 1449 quisque
342 1399 471 1437 omnia
494 1399 661 1444 trahant,
684 1399 779 1437 nihil
808 1399 988 1437 relictum
1019 1411 1103 1438 6556
1126 1398 1268 1437 virium
1290 1399 1331 1436 in
1355 1398 1485 1437 medio
1505 1411 1514 1445 ς

144 1488 226 1522 13-
246 1488 296 1520 14.
323 1488 367 1521 ad
397 1489 531 1530 consul„
562 1500 615 1521 um
639 1490 695 1521 ihn
725 1501 765 1521 zu

95 1533 282 1571 verhaften,
304 1535 344 1565 da
367 1535 418 1566 die
437 1535 606 1567 Tribunen
630 1535 689 1567 das
711 1537 766 1567 ius

94 1578 279 1622 prendendi
298 1579 416 1620 haben,
448 1580 570 1612 Becker
598 1581 630 1620 2,
654 1581 684 1620 2,
709 1581 761 1612 71.

103 1643 127 1647 -
154 1625 764 1667 privatum,ihm‚demConsulgegcn-

96 1670 189 1709 iiber,
215 1670 346 1702 erklart
368 1671 472 1702 durch
489 1671 546 1702 das
565 1671 764 1703 attributive

94 1716 165 1746 sine
184 1716 260 1757 imp.
283 1720 345 1746 etc.
375 1734 419 1739 —
448 1717 518 1747 sine
546 1718 763 1758 magistram,

94 1760 313 1800 allgemeiner
335 1761 385 1792 als
408 1762 480 1792 sine
495 1763 588 1804 imp„
614 1762 654 1793 da
672 1762 765 1793 nicht

93 1805 161 1837 alle
184 1805 385 1846 Magistrate
403 1807 461 1838 das
490 1808 675 1849 imperium
707 1808 764 1839 ha-

93 1852 166 1891 ben,
194 1851 258 1882 wie
278 1861 312 1882 65
331 1852 415 1882 auch
440 1851 501 1883 (1611
520 1851 689 1884 Tribunen
707 1853 764 1884 ab·

91 1896 181 1937 geht,
199 1896 252 1928 die
270 1895 406 1928 deshalb
425 1896 445 1938 ξ
463 1897 502 1929 12
515 1896 622 1940 plebis
635 1900 765 1939 magis-

91 1944 212 1981 tratus,
240 1940 347 1982 vgl.§
371 1943 402 1982 2,
435 1942 516 1974 aber
544 1943 635 1975 nieht
670 1954 761 1985 mag.

93 1987 137 2018 im
166 1987 278 2018 vollen
301 1988 402 2019 Sinne
431 1988 488 2019 des
515 1987 656 2020 &Vortes
676 1989 762 2028 sind,

93 2043 120 2063 c.
140 2032 191 2073 33,
212 2034 239 2064 1.
252 2035 485 2064 —concz'tatae
495 2034 588 2065 mult.
605 2034 765 2066 schliesst

91 2078 166 2108 sich
183 2087 223 2108 an
240 2078 413 2109 homimem
429 2088 482 2109 um
500 2089 536 2110 so
552 2079 696 2111 leichter
709 2090 763 2111 er-

93 2122 231 2154 kliirend
249 2133 301 2162 an,
320 2123 371 2154 als
385 2123 494 2155 dieses
512 2124 615 2156 durch
625 2135 762 2157 concur·

92 2178 150 2199 sus
167 2167 228 2199 mit
244 2168 423 2210 insuram,
438 2168 535 2208 jenes
552 2170 613 2201 mit
630 2181 675 2201 em
692 2173 762 2201 tota

90 2214 175 2244 urbe
200 2212 232 2244 in
252 2212 463 2253 Verbindung
489 2215 590 2254 steht,
620 2215 673 2255 24,
706 2216 760 2256 32,

91 2259 122 2298 6,
141 2258 208 2298 vgl.
234 2257 288 2298 26,
312 2259 366 2297 47,
389 2259 419 2290 3.
437 2276 481 2282 -
496 2259 590 2300 fieret
607 2260 760 2292 bezeich-

91 2308 148 2335 net
164 2305 222 2335 das
252 2303 462 2336 Anhaltende
486 2305 542 2336 des
561 2305 761 2337 Herzustrii-

90 2358 181 2380 mens
199 2349 243 2380 im
262 2349 449 2390 Gegensatz
472 2361 511 2381 zu
531 2353 644 2382 coorta
661 2354 757 2383 esset.

138 2438 264 2473 15-16.
295 2442 505 2481 saevientem,
529 2452 554 2472 5.
580 2452 606 2473 c.
625 2442 680 2482 44,
711 2444 761 2475 10.

91 2501 133 2506 —
151 2485 336 2522 concilium,
364 2497 393 2517 11.
418 2485 529 2524 plebis,
551 2496 577 2517 5.
604 2497 629 2518 6.
652 2489 703 2527 57,
727 2488 761 2528 13

93 2528 131 2559 ob
149 2529 185 2561 L.
204 2531 286 2562 nach
304 2530 391 2562 Gell.
416 2533 465 2571 15,
484 2532 541 2563 27:
567 2534 609 2572 is,
627 2535 762 2574 quinon

838 1491 1032 1523 universum
1047 1489 1210 1533 populum
1229 1489 1288 1521 sed
1297 1492 1433 1533 partem.
1449 1489 1514 1521 ali-

837 1546 938 1577 quam
969 1535 1083 1567 adesse
1105 1537 1207 1575 iubet,
1227 1545 1290 1566 71οη
1309 1537 1441 1567 comitia
1457 1535 1517 1567 sed

839 1581 1012 1613 concilium
1029 1580 1155 1613 edicere
1172 1580 1273 1621 debet,
1292 1581 1366 1612 hier
1380 1582 1514 1614 coneili-

837 1637 897 1658 mn
909 1626 1037 1669 (plebis)
1055 1637 1119 1657 von
1139 1627 1274 1657 comitia
1290 1627 1429 1668 tributa,
1447 1626 1467 1668 ξ
1482 1628 1513 1667 2,

836 1672 919 1703 habe
955 1672 1210 1703 unterscheiden
1248 1672 1392 1713 wollen,
1427 1673 1513 1704 liisst

837 1717 910 1748 sich
942 1717 1037 1749 nicht
1068 1717 1179 1749 sicher
1211 1717 1398 1758 (ξι-1161111611,
1432 1718 1513 1749 aber

836 1761 1046 1794 bczweifeln.
1065 1781 1107 1785 -
1124 1762 1197 1794 dar.
1227 1764 1298 1794 irae
1319 1773 1377 1805 sp„
1409 1762 1440 1803 S,
1458 1764 1512 1802 32,

842 1808 891 1839 14.
910 1826 953 1830 —
970 1809 1005 1838 in
1020 1810 1147 1850 potest„
1165 1809 1236 1840 sich
1255 1808 1314 1839 der
1331 1808 1508 1841 Autorit'at

837 1853 1078 1893 unterwerfen,
1093 1854 1195 1885 daher
1204 1854 1288 1885 auch
1306 1854 1341 1884 in
1360 1856 1509 1886 auctori-

837 1901 908 1929 tate
925 1909 1005 1934 esse,
1022 1909 1048 1930 5.
1069 1900 1100 1939 3,
1119 1899 1172 1937 21,
1194 1901 1222 1932 1.

883 1939 1112 1976 57.2-4.2·12
1136 1946 1207 1985 vic„
1233 1944 1383 1976 dieselbe
1402 1944 1512 1976 Hand-

836 1989 916 2030 lung
948 1989 1027 2029 geht
1064 1989 1137 2020 abw
1142 1989 1297 2021 echselud
1336 2000 1400 2020 von
1434 1999 1513 2021 ver-

837 2034 1037 2066 schiedcnen
1063 2034 1244 2075 Subjecten
1267 2045 1338 2076 auS,
1358 2046 1382 2067 5.
1409 2036 1437 2075 1,
1457 2035 1509 2075 40,

837 2081 1145 2121 6,-υα1ἱα556ηἰ,
1169 2080 1410 2112 ν61561116(16116
1442 2080 1512 2112 An

835 2126 965 2157 sichten
982 2126 1176 2157 veranlasst
1189 2126 1315 2165 hatten,
1337 2128 1388 2167 10,
1407 2126 1497 2162 29,-

836 2190 878 2193 —
901 2171 942 2201 ab
972 2172 1051 2213 imp.
1083 2176 1160 2212 etc,
1193 2182 1258 2202 von
1292 2171 1352 2203 der
1385 2171 1512 2202 leiden-

835 2215 1057 2248 schaftlicheu
1081 2215 1280 2257 Aufregung
1312 2227 1351 2248 zu
1376 2217 1513 2257 ruhiger

835 2262 1038 2303 Berathuug.
1073 2281 1117 2284 —
1147 2261 1314 2302 advocab„
1348 2262 1427 2294 weil
1453 2263 1511 2294 das

834 2307 1028 2339 consultare
1061 2307 1115 2338 die
1145 2308 1357 2348 Hauptsache
1388 2308 1443 2339 ist.
1469 2327 1510 2330 Η

834 2352 1250 2393 ίαηίαηι,1)656111“111111611(1;
1271 2363 1333 2384 nur
1347 2364 1383 2384 so
1401 2363 1510 2393 ἑτι-055.

836 2409 862 2429 5.
885 2400 912 2437 1,
931 2400 962 2438 9,
985 2399 1012 2430 1.
1031 2417 1074 2421 —-
1098 2397 1259 2436 concordi,
1285 2398 1508 2429 conditional:

836 2453 931 2475 wenn
950 2444 1000 2475 sic
1019 2444 1108 2484 einig
1125 2444 1197 2475 sein
1217 2443 1329 2475 sollte.
1353 2462 1395 2465 -
1413 2445 1509 2484 quis-

836 2497 908 2530 que,
926 2499 952 2520 s.
973 2500 999 2520 6.
1021 2490 1052 2529 7,
1073 2491 1102 2522 1.
1121 2507 1163 2511 —
1179 2490 1319 2520 trahant
1343 2489 1425 2520 nach
1445 2488 1509 2520 rel-

837 2533 892 2574 let,
907 2544 933 2566 5.
956 2534 984 2575 1,
1005 2536 1056 2573 51,
1075 2536 1106 2567 4.
1126 2553 1168 2557 —
1185 2536 1219 2565 ιή
1237 2533 1352 2573 medio,
1373 2543 1407 2565 65
1425 2533 1507 2574 gebe
