1698 2864
109 388 125 419 'a'

612 218 739 252 LIBER
762 218 803 252 V.
851 218 945 252 CAP.
971 218 1026 252 40.
1043 219 1099 252 41.
1400 235 1428 256 a.
1448 236 1476 254 u.
1497 229 1559 255 364.

157 224 238 263 342

155 328 294 376 petunt
308 323 505 370 finitimas,
523 321 606 361 sine
619 320 699 361 ullo
718 321 813 360 duce
829 325 895 360 aut
909 332 1116 370 consensu,
1134 333 1245 361 suam
1259 320 1422 372 quisque
1436 332 1561 371 spem,

157 393 226 420 sua
248 379 406 419 consilia
429 378 704 418 communibus
722 377 931 428 deploratis
948 383 1215 428 exsequentes.
1251 378 1392 416 flamen
1407 377 1562 416 interim

157 436 364 484 Quirinalis
385 435 628 487 virginesque
648 434 819 473 Vestales
843 434 988 472 omissa
1009 446 1139 473 rerum
1161 446 1317 473 suarum
1340 445 1443 479 cura,
1465 445 1561 485 quae

157 504 359 531 sacrorum
395 504 527 530 secum
561 491 738 537 ferenda,
776 502 889 541 quae,
928 490 1014 540 quia
1043 490 1141 529 vires
1170 490 1217 529 ad
1246 489 1376 529 omnia
1403 489 1561 528 ferenda

156 549 325 596 deerant,
356 548 605 599 relinquenda
633 551 774 594 essent,
803 546 1080 593 consultantes,
1109 546 1240 597 quisve
1267 558 1309 584 ea
1329 545 1438 584 locus
1461 545 1561 584 fideli

107 613 126 645 8
155 606 426 644 adservaturus
449 604 624 643 custodia
645 607 766 649 esset,
791 602 982 654 optimum
1005 603 1150 641 ducunt
1171 602 1325 642 condita
1347 601 1387 640 in
1408 601 1560 640 doliolis

155 661 294 700 sacello
317 662 495 712 proximo
517 660 674 699 aedibus
697 659 861 698 flaminis
884 659 1106 705 Quirinalis,
1130 658 1195 697 ubi
1216 670 1320 697 nunc
1341 657 1478 708 despui
1497 670 1563 696 re-

154 717 244 768 ligio
268 723 343 766 est,
367 717 565 763 defodere3
588 720 710 754 cetera
731 714 830 753 inter
851 727 894 753 se
915 727 1033 753 onere
1053 715 1193 765 partito
1215 714 1344 752 ferunt
1365 713 1441 761 via,
1464 725 1562 764 quae

106 784 125 815 9
159 773 320 813 sublicio
349 777 468 824 ponte
495 772 599 811 ducit
618 772 664 810 ad
688 770 910 810 Ianiculum.
951 771 990 809 in
1013 783 1057 809 eo
1080 770 1174 809 clivo
1196 782 1260 809 eas
1282 782 1370 809 cum
1392 770 1434 809 L.
1455 769 1561 808 Albi—

153 831 254 876 nius,
272 830 319 868 de
333 829 441 880 plebe
456 829 628 867 Romana
645 828 777 874 homo,
795 826 1075 878 conspexisset,
1097 827 1270 878 plaustro
1292 826 1497 876 coniugem
1518 838 1562 865 ac

153 885 297 925 liberos
324 885 467 924 vehens
501 886 600 923 inter
627 889 793 923 ceteram
826 883 999 931 turbam,
1033 895 1131 934 quae
1157 882 1303 921 inutilis
1338 882 1436 921 bello
1465 882 1560 921 urbe

86 952 126 985 10
155 941 368 988 excedebat,
391 942 494 980 salvo
517 940 631 979 etiam
652 945 733 979 tum
756 939 980 979 discrimine
995 939 1210 978 divinarum
1227 939 1562 990 humanarumque

72 1227 123 1265 41

155 1010 283 1038 rerum
305 997 527 1048 religiosum
549 1002 655 1036 ratus
677 996 898 1035 sacerdotes
920 996 1097 1047 publicos
1120 1008 1304 1047 sacraque
1326 995 1460 1047 populi
1480 995 1563 1034 Ro-

154 1055 258 1093 mani
286 1054 450 1105 pedibus
479 1054 533 1092 ire
558 1053 744 1103 ferrique,
774 1065 816 1091 se
837 1065 880 1091 ac
901 1064 994 1091 suos
1016 1054 1055 1091 in
1077 1052 1248 1091 vehiculo
1272 1051 1463 1103 conspici,
1492 1051 1560 1090 de-

153 1110 337 1149 scendere
357 1122 517 1149 uxorem
540 1121 584 1148 ac
598 1121 740 1160 pueros
757 1108 881 1156 iussit,
903 1108 1067 1158 virgines
1085 1120 1270 1159 sacraque
1285 1107 1325 1146 in
1342 1108 1560 1161 plaustrum

155 1167 330 1218 inposuit
350 1171 387 1205 et
408 1166 533 1212 Caere,
555 1178 630 1216 quo
653 1166 724 1204 iter
745 1165 1009 1204 sacerdotibus
1032 1170 1122 1212 erat,
1146 1164 1325 1215 pervexit.

269 1223 417 1261 Romae
447 1222 599 1260 interim
622 1221 716 1260 satis
738 1221 814 1259 iam
837 1221 1018 1260 omnibus
1041 1226 1083 1259 ut
1104 1220 1143 1258 in
1163 1220 1227 1259 tali
1246 1233 1288 1258 re
1309 1220 1355 1258 ad
1376 1219 1559 1258 tuendam

153 1377 467 1418 deten,2‚38,1.—
481 1379 677 1419 exsequent.
692 1377 820 1408 seheint

155 1424 207 1455 ein
226 1423 435 1455 verstiirktes
460 1425 557 1465 sequi
578 1433 619 1453 zu
644 1422 714 1453 sein
739 1422 820 1453 oder

157 1470 202 1500 ist
227 1469 386 1499 zun‘a'chst
410 1469 510 1499 durch
536 1467 674 1499 consilia
696 1477 820 1499 veran-

154 1514 250 1553 lasst,
275 1514 342 1553 vgl.
359 1512 412 1553 30,
431 1514 462 1553 ⁴,
484 1513 539 1544 10:
563 1514 695 1555 incepta
718 1523 819 1544 «εκ-ει·-

155 1560 227 1600 (μιίς
247 1558 277 1599 3,
300 1558 350 1598 13,
369 1557 404 1589 3:
428 1569 501 1589 rem
518 1559 691 1599 esc-sequi:
704 1567 820 1599 perse-

155 1606 227 1645 qui3
248 1604 276 1644 5,
298 1603 349 1641 11,
368 1603 398 1642 5,
428 1603 492 1643 vgl.
509 1602 538 1642 l,
557 1602 610 1640 59,
632 1602 668 1641 13
689 1602 823 1642 Madvig

156 1658 257 1679 verm.
276 1650 462 1690 sequentes.

202 1692 299 1724 7—8‚
332 1693 457 1733 flamen
488 1691 629 1731 Qm'rz'n.,
662 1691 721 1722 der
749 1691 820 1722 also

156 1738 214 1768 mit
236 1737 308 1768 dem
335 1738 471 1768 Dienste
497 1738 556 1768 der
580 1736 683 1767 Vesta
706 1736 737 1766 in
757 1736 821 1767 Be-

156 1783 296 1822 ziebung
313 1783 420 1821 stand,
438 1792 464 1813 s.
484 1781 678 1821 Schwegler
698 1780 819 1820 ],554;

156 1827 286 1858 Preller
303 1827 386 1865 3273
406 1826 482 1858 544.
496 1844 540 1849 —
557 1836 673 1858 rerum
690 1837 730 1866 s.‚
749 1826 819 1857 ihre

157 1872 294 1912 eigenen
313 1872 555 1914 persiinlichen.
574 1889 617 1894 —
635 1882 720 1912 quae
732 1872 821 1912 —se-

155 1916 275 1956 reuda,
312 1928 338 1948 s.
368 1917 487 1948 Strabo
518 1917 549 1955 5,
573 1916 604 1955 2,
629 1915 647 1946 3
685 1927 714 1957 p.
738 1915 818 1946 220:

157 1960 302 1994 ἔσωσαν
319 1962 378 1992 καὶ
396 1959 436 1992 τὸ
457 1958 650 1993 ἀθάνατον
667 1961 743 2003 πῦρ
761 1960 821 1992 καὶ

156 2004 220 2041 τὰς
237 2007 298 2047 τῆς
312 2003 456 2042 Ἑστίας
473 2006 615 2051 ἱερείας.
633 2023 671 2027 -
693 2015 819 2044 secum,

155 2050 205 2081 als
225 2050 264 2081 ob
281 2061 317 2081 es
336 2052 444 2082 hiesse
458 2052 566 2092 serre
590 2050 758 2082 deberent.
776 2068 818 2073 ——

156 2095 282 2137 quisve:
302 2095 448 2125 welcher
466 2095 528 2126 Ort
545 2100 641 2126 unter
661 2096 722 2126 den
742 2104 820 2125 ver-

157 2140 366 2179 schiedenen,
392 2140 443 2170 die
462 2150 532 2170 111311
551 2140 680 2170 wiililen
700 2139 819 2179 lziinne,

157 2184 210 2223 34,
231 2185 261 2226 6,
280 2184 316 2215 3:
347 2186 420 2225 quis
447 2186 577 2222 terr07·3
612 2183 819 2223 gewiihnlich

156 2230 245 2260 ware
274 2230 331 2271 qui
357 2228 395 2260 L:
427 2238 495 2259 was
522 2227 577 2259 fiir
601 2229 651 2259 ein
678 2228 750 2259 Ort.
775 2246 820 2251 -

155 2274 305 2313 aedibus,
330 2283 381 2304 wo
400 2274 508 2304 dieses
526 2273 706 2313 gestanden
726 2272 818 2314 habe,

157 2319 285 2350 scheint
314 2319 403 2349 nicht
426 2318 569 2349 bekannt
591 2328 745 2358 gewesen
778 2328 819 2349 zu

158 2364 247 2402 sein3
279 2363 363 2394 Plut.
388 2363 476 2394 Cam.
500 2362 557 2395 20:
588 2361 630 2394 τὰ
662 2363 818 2395 πλεῖστα

156 2408 229 2440 τῶν
247 2408 355 2449 ἱερῶν
377 2405 518 2449 κρύψαι
541 2405 632 2439 κατὰ
657 2408 722 2450 γῆς
744 2404 816 2439 ὑπὸ

156 2449 220 2484 τὸν
248 2449 338 2485 νεὼν
366 2453 430 2484 τοῦ
458 2454 634 2496 Κυρίνου,
663 2452 721 2484 auf
745 2454 819 2485 dem

156 2496 356 2538 Quirinalis:
375 2498 455 2529 nach
472 2497 579 2529 Varro
598 2497 634 2529 L.
653 2497 690 2528 L.
711 2498 816 2537 5,157

156 2553 187 2573 u.
206 2543 244 2573 A.
280 2552 392 2573 waren
422 2543 472 2574 die
503 2543 631 2574 Doliola
661 2541 720 2573 auf
746 2543 817 2574 dem

156 2585 261 2618 forum
290 2587 453 2628 boarium,
486 2588 518 2618 in
549 2589 607 2618 der
636 2587 727 2619 Niihe
758 2588 818 2619 der

156 2632 267 2663 cloaca
285 2633 439 2671 maxima,
462 2634 545 2664 auch
564 2633 616 2664 die
635 2632 815 2664 Veranlas-

893 1387 976 1417 sung
999 1377 1056 1408 des
1081 1376 1223 1408 Namens
1248 1376 1320 1408 eine
1339 1376 1474 1417 andere,
1500 1376 1559 1407 da-

892 1432 997 1462 gegen
1038 1421 1131 1454 Paul.
1162 1421 1252 1453 Diae.
1283 1432 1312 1463 p.
1343 1420 1401 1452 69:
1435 1420 1559 1453 doliola

892 1467 984 1498 locus
1001 1468 1033 1498 ‘in
1053 1468 1135 1498 urbe
1157 1468 1207 1498 sic
1231 1468 1381 1507 vocatus,
1407 1468 1484 1508 quia
1507 1467 1561 1497 in-

892 1512 1088 1544 vadentibus
1115 1510 1217 1543 Gallz's
1247 1513 1364 1543 urbem
1397 1521 1498 1543 sacra
1525 1513 1560 1542 in

892 1557 1008 1589 eodem
1036 1557 1106 1588 loco
1142 1556 1271 1589 doliolis
1301 1557 1451 1599 reposita
1472 1557 1562 1598 sue-

893 1605 990 1642 runt,
1016 1601 1141 1633 Becker
1162 1602 1188 1642 1,
1212 1601 1287 1632 484.
1319 1619 1365 1624 —
1393 1603 1483 1633 inter
1512 1612 1558 1641 se,

895 1647 924 1684 2,
945 1646 975 1686 6,
994 1646 1025 1678 3.
1044 1665 1089 1669 -
1103 1649 1251 1690 partito,
1277 1645 1351 1678 Val.
1371 1645 1460 1677 Max.
1480 1646 1508 1687 1,
1532 1647 1560 1688 1,

896 1692 953 1723 10:
972 1702 1072 1724 sacra
1091 1702 1192 1723 onere
1206 1693 1334 1734 partito
1342 1692 1498 1733 ferrent.
1516 1708 1561 1713 —

893 1736 994 1777 ducit,
1020 1747 1046 1768 s.
1065 1736 1095 1779 2,
1115 1736 1167 1776 50,
1195 1737 1252 1775 1ος
1281 1736 1372 1768 Curt.
1396 1735 1427 1776 3,
1446 1735 1500 1777 28,
1520 1736 1560 1767 19

893 1792 924 1813 u.
939 1792 993 1857 δί
1003 1782 1070 1858 *1531-
1088 1781 1191 1867 {lit-23,
1201 1781 1303 1867 31,υ18,
1324 1826 1354 1857 7.
1372 1843 1417 1848 —
1432 1825 1558 1865 Albin„

893 1882 919 1903 S.
933 1870 1090 1913 Inscrptt.
1107 1871 1164 1902 lat.
1180 1881 1211 1912 p.
1226 1870 1302 1910 285,
1317 1868 1449 1909 XXlV;
1471 1870 1558 1902 Plut.

901 1914 1072 1957 Ἀλβῖνος;
1094 1916 1184 1947 Flor.
1198 1916 1225 1954 1,
1236 1915 1341 1955 ῖ(13>,
1353 1915 1391 1946 12
1405 1917 1558 1947 Atinius.

892 1979 935 1984 —-
954 1961 995 1992 de
1009 1961 1111 2004 plebe,
1129 1960 1160 2000 2,
1180 1959 1232 2000 36,
1250 1960 1278 1991 1.
1296 1978 1339 1982 ——
1357 1961 1461 1991 etlam
1480 1962 1513 2002 t.‚
1532 1970 1559 1991 s.

895 2006 1032 2037 Einleit.
1051 2005 1084 2036 S.
1106 2004 1156 2035 18.
1179 2022 1223 2026 -
1246 2005 1456 2046 religiosum,
1480 2015 1505 2036 s.
1531 2015 1559 2036 c.

894 2049 947 2089 3⁰,
966 2051 1002 2088 73
1023 2061 1051 2081 e.
1071 2049 1124 2090 52,
1143 2049 1180 2081 8:
1200 2048 1230 2089 2,
1250 2049 1332 2091 5,3;
1352 2049 1382 2088 3,
1400 2049 1454 2089 22,
1472 2049 1508 2089 1;
1528 2049 1558 2089 6,

893 2094 946 2135 27,
964 2095 984 2125 4
1008 2105 1039 2125 u.
1064 2104 1113 2134 a.,
1139 2094 1205 2134 vgl.
1235 2093 1256 2135 ξ
1286 2093 1304 2125 8
1334 2094 1469 2136 relz'37'03
1500 2095 1558 2126 das

893 2139 963 2171 hds.
987 2139 1219 2181 irreligiosum
1243 2140 1371 2170 scheint
1396 2139 1463 2170 sich
1488 2144 1559 2171 erst

892 2182 943 2214 bei
961 2184 1021 2215 den
1038 2183 1302 2216 Hirenenv‘ziteru
1322 2195 1362 2215 zu
1381 2184 1500 2216 finden.
1515 2201 1560 2208 --·

891 2229 1020 2260 sacerd.
1038 2240 1080 2271 p.,
1099 2230 1181 2260 auch
1206 2230 1291 2260 dazu
1308 2231 1425 2269 geho'rt
1438 2229 1560 2273 populi

892 2273 941 2314 R,
961 2274 1011 2305 die
1030 2274 1248 2306 Vestalinnen
1273 2275 1405 2306 werden
1431 2285 1472 2305 zu
1494 2275 1558 2305 den

891 2328 1030 2358 grossen
1061 2319 1232 2351 Priestern
1268 2320 1326 2350 des
1356 2324 1558 2359 gesammten

892 2363 1025 2396 Staates
1055 2365 1245 2404 gerechnet,
1276 2364 1382 2406 Marq.
1406 2364 1438 2404 4,
1471 2363 1556 2402 1693

891 2408 975 2440 dena
993 2420 1033 2440 an
1058 2410 1148 2440 diese
1172 2420 1203 2440 u.
1227 2409 1287 2440 den
1314 2411 1427 2440 flamen
1448 2408 1558 2450 Quiri-

892 2454 986 2493 nalis,
1002 2455 1091 2485 nicht
1103 2464 1143 2485 an
1158 2454 1223 2485 alle
1232 2454 1425 2485 sacerdotes
1440 2454 1483 2485 ist
1495 2464 1556 2484 un-

890 2501 1044 2538 geachtet
1058 2500 1115 2530 des
1130 2499 1346 2539 allgemeinen
1362 2499 1556 2530 Ausdrucks

890 2554 930 2574 zu
950 2544 1090 2583 denken,
1109 2555 1134 2575 s.
1154 2554 1180 2575 c.
1201 2544 1253 2583 50,
1273 2543 1302 2574 3.
1321 2561 1364 2567 —
1391 2543 1504 2583 Caere,
1525 2543 1554 2582 l,

891 2588 941 2629 60,
962 2589 992 2628 2,
1011 2600 1038 2621 s.
1058 2589 1236 2621 Mommsen
1258 2588 1286 2626 1,
1310 2588 1382 2620 126.

937 2629 1006 2666 41.
1033 2635 1046 2665 1
1064 2653 1085 2657 -
1099 2634 1130 2665 2.
1167 2637 1215 2675 ut,
1240 2633 1510 2672 beschriinkend,
1528 2643 1554 2664 s.
