1698 2864
686 234 813 267 LIBER
831 234 874 266 V.
923 234 1015 267 CAP.
1034 235 1088 267 47.
1434 250 1460 268 a.
1482 251 1509 268 u.
1530 245 1592 270 364.

186 236 267 276 354

183 349 296 376 verso
326 337 373 376 ad
395 336 611 377 Carmentis
639 348 731 376 saxo
770 347 936 375 ascensu
963 347 1107 388 aequo,
1137 341 1253 376 nocte
1276 335 1480 382 sublustri,
1504 348 1592 375 cum

184 394 310 444 primo
340 394 549 443 inermem,
577 393 642 444 qui
670 397 880 444 temptaret
905 392 1026 440 viam,
1054 393 1363 443 praemisissent,
1391 392 1591 431 tradentes

183 450 273 489 inde
294 462 413 496 arma,
434 449 500 489 ubi
524 449 613 501 quid
636 449 756 501 iniqui
779 453 894 495 esset,
916 448 1050 488 alterni
1072 448 1190 488 innixi
1212 448 1532 499 sublevantesque
1552 448 1591 487 in

186 506 305 544 vicem
329 511 366 545 et
381 506 577 545 trahentes
595 506 656 544 alii
673 506 781 552 alios,
804 510 921 557 prout
936 504 1153 556 postularet
1166 505 1289 551 locus,
1310 508 1419 544 tanto
1438 504 1590 543 silentio

183 562 222 600 in
244 575 443 602 summum
466 574 632 609 evasere,
652 566 695 600 ut
714 573 796 600 non
817 561 998 600 custodes
1021 562 1147 600 solum
1162 561 1350 609 fallerent,
1374 561 1441 599 sed
1459 572 1508 599 ne
1525 572 1590 599 ca-

183 631 253 657 nes
275 618 442 669 quidem,
464 618 669 657 sollicitum
692 617 832 657 animal
853 617 898 656 ad
916 622 1132 656 nocturnos
1151 617 1349 667 strepitus,
1371 617 1588 655 excitarent.

185 687 341 713 anseres
362 686 443 713 non
463 674 641 722 fefellere,
664 673 802 724 quibus
827 675 946 712 sacris
964 674 1122 712 Iunonis
1145 673 1184 711 in
1202 685 1354 712 summa
1371 672 1500 723 inopia
1517 672 1590 711 cibi

181 736 313 769 tamen
330 730 606 770 abstinebatur.
642 742 740 780 quae
756 742 819 768 res
837 730 950 768 saluti
966 729 1058 768 fuit:
1074 741 1242 780 namque
1259 728 1437 778 clangore
1454 739 1589 767 eorum

181 788 403 838 alarumque
431 786 578 836 crepitu
606 786 751 824 excitus
772 786 820 824 M.
843 785 1027 831 Manlius,
1059 785 1124 836 qui
1151 785 1319 824 triennio
1343 789 1430 823 ante
1451 784 1588 823 consul

179 843 320 890 fuerat,
348 842 405 881 vir
426 842 526 880 bello
550 841 744 892 egregius,
776 841 895 880 armis
918 842 1083 893 arreptis
1107 841 1222 881 simul
1242 841 1288 879 ad
1311 852 1418 879 arma
1440 845 1589 879 ceteros

181 899 286 937 ciens
307 898 425 945 vadit,
453 902 490 936 et
510 898 602 937 dum
625 898 739 936 ceteri
759 897 972 949 trepidant,
995 897 1165 944 Gallum,
1189 897 1253 949 qui
1273 897 1349 935 iam
1371 897 1410 935 in
1432 908 1588 936 summo

181 955 423 1001 constiterat,
451 954 624 993 umbone
649 954 768 993 ictum
796 954 984 994 deturbat.
1027 954 1137 993 cuius
1166 965 1278 993 casus
1306 953 1479 1003 prolapsi
1500 965 1589 991 cum

179 1011 382 1061 proximos
400 1015 600 1057 sterneret,
620 1010 857 1062 trepidantes
876 1010 970 1049 alios
987 1010 1183 1061 armisque
1201 1009 1359 1049 omissis
1378 1021 1479 1055 saxa,
1503 1009 1589 1060 qui-

178 1067 251 1106 bus
269 1065 540 1115 adhaerebant,
563 1066 739 1105 manibus
757 1066 956 1117 amplexos
972 1066 1150 1105 trucidat.
1187 1066 1343 1116 iamque
1361 1070 1398 1104 et
1414 1065 1474 1104 alii
1492 1077 1588 1104 con-

178 1122 322 1173 gregati
342 1122 426 1161 telis
449 1122 742 1173 missilibusque
763 1122 864 1161 saxis
887 1123 1117 1173 proturbare
1133 1123 1282 1169 hostes,
1304 1121 1491 1172 ruinaque
1506 1125 1587 1160 tota

179 1179 361 1229 prolapsa
391 1177 490 1216 acies
518 1179 556 1216 in
584 1190 768 1229 praeceps
797 1178 949 1217 deferri.
992 1178 1124 1217 sedato
1148 1178 1284 1216 deinde
1307 1177 1475 1216 tumultu
1494 1177 1587 1216 reli-

179 1246 298 1284 quum
320 1234 465 1281 noctis,
494 1239 680 1284 quantum
703 1235 742 1272 in
764 1234 927 1273 turbatis
950 1234 1147 1273 mentibus
1169 1238 1339 1285 poterat,
1362 1245 1450 1272 cum
1472 1245 1585 1284 prae-

175 1291 332 1328 teritum
368 1302 522 1341 quoque
556 1290 768 1340 periculum
802 1290 1042 1338 sollicitaret,
1079 1291 1196 1341 quieti
1224 1290 1354 1328 datum
1384 1294 1454 1327 est.
1501 1289 1585 1328 luce

177 1351 272 1392 orta,
296 1347 440 1385 vocatis
462 1346 624 1384 classico
647 1346 692 1384 ad
715 1346 922 1385 concilium
944 1346 1131 1386 militibus
1154 1346 1198 1385 ad
1220 1345 1414 1391 tribunos,
1439 1357 1526 1384 cum
1549 1351 1586 1384 et

176 1408 279 1441 recte
307 1407 344 1441 et
364 1414 569 1453 perperam
591 1402 693 1441 facto
716 1403 884 1453 pretium
907 1403 1128 1449 deberetur,
1156 1402 1319 1442 Manlius
1341 1401 1510 1453 primum
1534 1401 1582 1441 ob

175 1458 353 1497 virtutem
373 1459 548 1497 laudatus
571 1458 811 1510 donatusque
834 1471 914 1498 non
936 1459 982 1498 ab
1003 1459 1170 1498 tribunis
1189 1458 1314 1497 solum
1333 1458 1496 1497 militum
1515 1458 1583 1497 sed

177 1526 372 1553 consensu
391 1515 504 1553 etiam
526 1514 698 1564 militari3
719 1516 778 1554 cui
798 1515 970 1555 universi
992 1515 1149 1554 selibras
1170 1514 1283 1554 farris
1305 1520 1341 1553 et
1356 1514 1573 1565 quartarios

176 1614 277 1645 durch
312 1614 383 1645 eine
416 1613 504 1645 Mine
537 1615 695 1646 versueht
726 1615 842 1656 haben,

175 1659 303 1690 scheint
316 1658 354 1690 L.
369 1659 458 1690 nicht
473 1659 617 1691 bekannt
630 1669 786 1699 gewesen
802 1671 843 1691 zu

176 1703 264 1743 sein,
290 1714 317 1734 s.
337 1703 404 1734 Cic.
423 1703 518 1735 Caec.
538 1703 596 1743 30,
623 1704 683 1743 883
710 1704 791 1736 Phil.
812 1705 842 1746 3,

175 1747 205 1783 8,
225 1747 278 1779 20.
296 1766 341 1771 —
355 1758 419 1780 sua
435 1759 499 1792 sp.,
518 1750 601 1780 ohne
618 1747 743 1781 fremde
760 1750 840 1781 Hiil-

174 1791 222 1832 fe,
250 1791 536 1833 Unterstiitzung3
562 1793 599 1834 2,
617 1793 678 1832 23,
704 1794 722 1825 2
746 1805 777 1826 u.
799 1804 842 1836 a.,

173 1837 239 1877 vgl.
259 1848 286 1869 c.
305 1837 360 1878 43,
379 1837 409 1869 3.
426 1856 470 1861 —
486 1838 531 1870 ad
549 1838 736 1870 Carmentis
755 1840 842 1879 (eine

173 1883 295 1914 andere
314 1882 412 1914 Form
432 1883 535 1915 neben
555 1883 742 1925 Carmenta,
763 1884 791 1924 1,
811 1885 840 1924 7,

174 1927 212 1966 8)
238 1938 268 1957 n.
294 1926 432 1969 Hapelle
455 1929 521 1959 und
546 1929 642 1960 Altar
664 1929 840 1960 derselben

173 1982 222 2002 am
247 1972 504 2004 siidwestlichen
529 1972 636 2004 Fusse
660 1974 717 2005 des
743 1973 840 2016 Capi-

173 2016 299 2047 tolium.
317 2035 361 2039 ——
377 2028 521 2050 ascensu
537 2029 609 2060 aeq.
629 2019 673 2050 ist
691 2019 756 2050 wol
775 2019 838 2050 abl.

173 2061 270 2101 qual.‚
290 2062 349 2092 der
362 2061 461 2093 Form
477 2063 557 2093 nach
573 2063 692 2094 kb'nnte
707 2074 742 2094 es
757 2064 838 2095 auch

173 2106 327 2147 Supinum
347 2107 432 2146 sein,
452 2117 478 2138 s.
499 2106 557 2145 34,
575 2107 628 2149 28,
646 2107 681 2139 2:
701 2108 838 2140 (lescen-

172 2161 249 2182 sum
272 2149 425 2192 dfffieilr's
450 2154 482 2183 et
498 2154 595 2183 artae
612 2154 701 2191 viae3
728 2153 758 2192 7,
784 2152 837 2192 34,

171 2194 207 2226 3:
232 2195 347 2227 collem
363 2214 385 2217 -
400 2195 494 2228 aditet
517 2196 679 2234 arduum,
706 2196 787 2227 Sall.
812 2196 837 2228 Ι.

170 2240 224 2277 94,
244 2240 279 2271 2:
298 2239 400 2272 dubia
415 2242 505 2272 nisu.
518 2259 562 2264 —
574 2251 700 2282 aequus
719 2242 763 2272 ist
776 2252 838 2272 nur

170 2284 293 2316 relativ
311 2296 351 2316 zu
370 2286 520 2325 nehmen,
541 2286 582 2317 im
600 2286 775 2326 Vergleich
795 2297 836 2317 zu

171 2330 231 2361 den
251 2329 411 2369 Punkten,
431 2331 482 2362 die
502 2330 590 2361 nicht
606 2331 708 2361 leicht
726 2342 765 2361 zu
781 2342 835 2362 er-

170 2375 299 2412 steigen
329 2385 457 2406 waren:
488 2376 546 2407 ubi
574 2375 702 2417 aliquid
728 2377 837 2417 iniqui

169 2422 268 2451 esset.
283 2437 327 2442 -——
340 2420 464 2451 alterni
481 2425 557 2460 ete„
575 2420 681 2452 indem
699 2421 746 2451 sie
765 2421 834 2452 sich

170 2464 263 2495 einer
296 2475 348 2496 um
385 2466 445 2496 den
475 2466 599 2496 andern
628 2476 688 2496 zur
716 2465 833 2497 Stiitze

169 2509 319 2548 dienten,
353 2511 421 2541 sich
447 2510 693 2542 wechselweise
717 2511 833 2551 hohen,

169 2555 228 2584 der
257 2554 329 2585 eine
359 2555 471 2586 diesen
505 2556 564 2586 der
591 2556 713 2587 andere
733 2555 833 2596 jenen

170 2599 331 2641 nachzog,
357 2609 382 2630 s.
403 2600 461 2638 28,
487 2599 546 2641 20,
565 2601 602 2639 53
629 2600 709 2632 Sall.
729 2600 751 2632 1.
772 2601 832 2635 94:

168 2644 344 2683 Naegelsb.
364 2644 397 2675 S.
417 2644 492 2677 322.

962 1615 980 1646 3
994 1634 1017 1638 -
1030 1616 1060 1648 5.
1092 1627 1158 1648 uon
1181 1616 1242 1647 sol.
1268 1620 1342 1656 ete,
1366 1625 1393 1646 c.
1411 1613 1471 1654 42,
1490 1613 1519 1645 3.
1538 1631 1582 1637 —

914 1662 1022 1692 saeris
1040 1661 1212 1701 attrahirt,
1238 1670 1263 1691 s.
1284 1671 1311 1691 c.
1331 1659 1390 1698 49,
1415 1659 1445 1691 7.
1463 1677 1507 1681 —
1524 1658 1583 1691 Iu-

914 1708 1023 1745 nonis,
1042 1706 1093 1737 die
1112 1706 1308 1746 Eigenthum
1326 1705 1384 1736 der
1399 1704 1484 1735 Juno
1498 1704 1582 1744 sind,

915 1761 941 1782 s.
958 1750 1013 1790 24,
1033 1750 1063 1791 3,
1082 1751 1118 1782 4:
1137 1761 1272 1783 sacrum
1288 1750 1369 1782 deae
1384 1759 1503 1792 pecu-53
1522 1759 1583 1780 zur

914 1795 1019 1826 Sache
1037 1795 1122 1828 Plin.
1143 1795 1193 1835 10,
1212 1795 1266 1836 22,
1285 1795 1339 1826 51.
1352 1813 1394 1817 —
1414 1797 1534 1835 tamen,
1552 1804 1579 1826 c.

914 1840 968 1879 42,
988 1841 1017 1872 7.
1032 1859 1076 1863 —
1090 1840 1248 1881 Manlius,
1267 1851 1294 1872 c.
1314 1840 1367 1871 31.
1381 1849 1581 1880 —summo,

914 1895 942 1916 s.
962 1885 1062 1925 Verg.
1082 1885 1118 1925 8,
1144 1885 1220 1917 652.
1238 1903 1282 1907 —-
1296 1884 1450 1928 prolapsi
1463 1903 1485 1906 —
1500 1894 1580 1926 pro-

913 1929 1019 1973 lapsa,
1039 1941 1065 1962 s.
1083 1941 1109 1961 c.
1129 1930 1183 1970 21,
1205 1930 1254 1961 16.
1268 1947 1312 1952 —
1326 1931 1357 1960 in
1369 1939 1422 1971 pr.
1437 1928 1579 1969 deferri,

914 1977 974 2014 „in
998 1976 1059 2006 den
1084 1974 1286 2014 Abgrund“;
1317 1984 1344 2004 s.
1375 1973 1434 2012 26,
1457 1973 1517 2012 45,
1541 1972 1578 2013 33

913 2018 1216 2059 Cornel.Timol.,2,
1231 2017 1354 2049 2.—-v'n
1370 2019 1457 2050 turb.
1469 2020 1581 2059 ment„

911 2064 977 2103 vgl.
998 2063 1027 2105 3,
1043 2063 1096 2101 51,
1111 2063 1150 2101 43
1169 2063 1250 2094 doch
1265 2063 1310 2094 ist
1323 2073 1362 2094 an
1376 2074 1408 2094 u.
1423 2063 1472 2095 St.
1486 2063 1578 2095 viell.

911 2109 944 2139 ’ίη
962 2108 1020 2139 mit
1037 2107 1169 2148 Madvig
1186 2118 1226 2138 zu
1246 2108 1360 2148 tilgen.

957 2153 987 2184 7.
1013 2152 1057 2184 ad
1073 2152 1200 2191 concil„
1215 2163 1240 2183 S.
1257 2152 1287 2193 8,
1303 2153 1332 2194 7,
1349 2152 1406 2183 12:
1424 2151 1578 2196 adprae-

912 2199 1035 2229 torimn
1058 2198 1103 2229 ad
1120 2201 1269 2241 patrem,
1295 2197 1501 2237 gewo'hnlich
1521 2198 1577 2229 hat

910 2242 969 2273 der
986 2242 1048 2274 Ort
1071 2243 1143 2274 eine
1160 2243 1283 2274 andere
1301 2242 1438 2284 Prapos.
1456 2242 1507 2274 als
1525 2243 1576 2274 die

909 2286 1047 2328 Person,
1066 2298 1093 2319 s.
1111 2298 1137 2319 c.
1158 2288 1212 2327 51,
1230 2288 1267 2326 93
1287 2286 1318 2328 3,
1337 2287 1390 2328 38,
1408 2286 1445 2326 83
1464 2287 1505 2318 ib.
1522 2287 1575 2327 61,

910 2331 969 2370 11;
989 2331 1045 2371 21,
1065 2333 1124 2373 49,
1150 2332 1188 2371 33
1207 2332 1258 2363 bei
1277 2332 1450 2364 concilium
1467 2333 1576 2372 (soust

907 2380 1030 2419 contio,
1054 2388 1081 2409 s.
1107 2388 1133 2409 c.
1153 2377 1207 2415 43,
1227 2377 1266 2417 8)
1290 2377 1414 2408 konnte
1432 2378 1465 2408 z‘n
1485 2377 1575 2408 nicht

909 2423 1035 2453 stehen.
1078 2423 1135 2454 Die
1166 2422 1408 2454 Consulartrib.
1439 2422 1574 2453 werden

906 2467 971 2498 alle
989 2466 1048 2498 auf
1061 2468 1133 2499 dem
1151 2467 1301 2509 Capitole
1319 2467 1474 2506 gedacht‚
1500 2476 1526 2498 s.
1545 2477 1574 2498 c.

907 2512 959 2553 48,
978 2514 1014 2551 δ’,
1032 2522 1127 2543 wenn
1146 2512 1227 2543 auch
1244 2522 1306 2543 nur
1321 2511 1487 2553 Sulpicius
1505 2511 1574 2542 hier

907 2558 967 2588 wie
986 2558 1016 2588 in
1036 2558 1095 2589 der
1112 2557 1266 2590 Schlacbt
1280 2557 1329 2588 als
1345 2556 1507 2588 handelnd
1521 2566 1575 2587 er-

908 2603 1046 2633 seheint.

953 2647 981 2678 8.
1002 2649 1067 2687 cui,
1087 2647 1235 2688 obgleich
1253 2649 1325 2678 eius
1341 2645 1435 2687 solgt,
1454 2656 1506 2677 um
1520 2645 1571 2677 die
