1698 2864
729 197 854 230 LIBER
879 198 933 231 1v.
989 197 1082 231 CAP.
1108 199 1162 232 42.
1402 216 1427 234 a.
1449 216 1476 234 u.
1499 209 1559 235 332.
1579 210 1640 235 333.

240 200 320 238 222

238 304 428 351 potestate
449 299 569 339 creari
588 300 714 339 iussit.
756 301 869 340 creati
893 305 985 339 sunt
1004 300 1044 339 L.
1062 300 1222 340 Manlius
1241 302 1479 353 Capitolinus
1498 302 1544 350 Q.
1562 304 1641 342 An—

238 357 369 396 tonius
397 356 575 395 Merenda
603 357 644 395 L.
676 356 855 408 Papirius
884 357 1113 406 Mugilanus.
1159 358 1350 410 principio
1386 358 1515 397 statim
1551 359 1641 398 anni

238 414 278 452 L.
301 412 532 452 Hortensius
554 413 733 452 tribunus
755 413 878 464 plebis
901 412 939 451 C.
959 413 1193 465 Sempronio
1217 415 1365 455 consuli
1386 416 1477 454 anni
1498 415 1640 466 prioris

237 470 338 508 diem
360 469 466 508 dixit.
505 481 620 520 quem
643 482 732 509 cum
755 474 937 520 quattuor
957 469 1120 520 collegae
1140 470 1379 522 inspectante
1396 472 1541 523 populo
1558 472 1640 510 Ro-

237 538 353 565 mano
390 531 565 575 orarent,
599 538 648 565 ne
679 526 955 576 imperatorem
984 538 1099 565 suum
1125 527 1346 575 innoxium,
1377 528 1414 566 in
1442 532 1517 579 quo
1546 528 1642 567 nihil

235 587 386 634 praeter
412 582 610 621 fortunam
638 582 868 633 reprehendi
897 587 1051 632 posset,
1080 589 1251 631 vexaret,
1274 597 1385 635 aegre
1407 584 1640 623 Hortensius

236 639 334 691 pati,
364 638 659 690 temptationem
687 651 770 677 eam
804 639 964 677 credens
994 652 1080 678 esse
1101 640 1408 690 perseverantiae
1431 652 1540 686 suae,
1570 652 1642 679 nec

235 695 415 747 precibus
438 695 702 741 tribunorum,
731 706 829 745 quae
848 695 888 733 in
910 696 1078 746 speciem
1101 696 1220 734 modo
1242 696 1450 742 iactentur,
1479 697 1549 735 sed
1571 707 1641 735 au-

234 752 324 790 xilio
354 751 546 790 confidere
570 763 692 789 reum.
740 751 867 802 itaque
894 751 1012 789 modo
1042 751 1088 790 ad
1116 764 1203 790 eum
1233 763 1465 799 conversus,
1492 752 1560 791 ubi
1587 751 1640 791 illi

235 807 383 859 patricii
405 807 577 858 spiritus,
599 807 664 846 ubi
686 806 873 846 subnixus
896 810 933 846 et
950 807 1073 846 fidens
1091 807 1336 847 innocentiae
1352 809 1502 848 animus
1521 813 1636 856 esset,

234 864 461 915 quaerebat:
497 863 570 902 sub
606 863 810 902 tribunicia
838 863 975 903 umbra
1003 864 1246 902 consularem
1275 865 1397 904 virum
1427 865 1639 910 delituisse,

234 921 353 959 modo
371 920 418 958 ad
436 920 620 970 collegas:
645 932 745 967 „vos
764 924 904 966 autem,
923 920 956 958 si
971 932 1079 958 reum
1098 932 1253 971 perago,
1271 922 1361 973 quid
1380 921 1500 960 acturi
1517 919 1639 960 estis?

234 989 280 1016 an
319 976 489 1027 erepturi
524 976 583 1015 ius
618 977 764 1027 populo
801 981 839 1015 et
864 976 1037 1015 eversuri
1065 977 1313 1017 tribuniciam
1343 976 1639 1029 potestatem?“

235 1046 321 1073 cum
344 1033 395 1071 illi
416 1037 453 1071 et
473 1034 520 1071 de
538 1033 773 1084 Sempronio
791 1037 827 1071 et
844 1033 890 1072 de
908 1033 1091 1071 omnibus
1110 1046 1303 1072 summam
1321 1034 1457 1085 populi
1473 1033 1639 1072 Romani

232 1094 466 1141 potestatem
487 1101 573 1127 esse
594 1089 777 1135 dicerent,
799 1100 872 1128 nec
893 1102 934 1128 se
955 1088 1140 1128 iudicium
1162 1090 1296 1141 populi
1317 1090 1448 1129 tollere
1469 1095 1533 1129 aut
1547 1090 1640 1128 velle

233 1151 298 1185 aut
317 1158 452 1197 posse,
482 1146 567 1192 sed,
592 1146 624 1184 si
646 1157 781 1196 preces
805 1158 896 1184 suae
916 1157 988 1196 pro
1011 1145 1263 1196 imperatore,
1287 1146 1350 1197 qui
1371 1146 1445 1184 sibi
1466 1145 1637 1196 parentis

233 1206 336 1241 esset
360 1202 464 1250 loco,
492 1213 574 1240 non
602 1202 828 1250 valuissent,
861 1214 902 1240 se
931 1206 1078 1240 vestem
1109 1213 1196 1240 cum
1218 1215 1263 1240 eo
1287 1207 1526 1249 mutaturos,
1554 1206 1636 1240 tum

232 1258 463 1297 Hortensius
481 1288 504 1304 ,,
516 1270 596 1296 non
611 1257 778 1296 videbit“
795 1257 919 1308 inquit
934 1257 1068 1309 „plebs
1085 1257 1259 1296 Romana
1278 1258 1497 1297 sordidatos
1514 1258 1637 1297 tribu-

232 1327 305 1353 nos
323 1326 429 1353 suos.
459 1314 497 1353 C.
512 1313 789 1365 Sempronium
808 1314 901 1353 nihil
918 1325 1063 1360 moror,
1083 1314 1236 1364 quando
1254 1315 1329 1353 hoc
1345 1315 1457 1353 estin
1473 1315 1636 1365 imperio

234 1375 485 1417 consecutus,
514 1376 555 1410 ut
581 1375 660 1409 tam
689 1382 800 1409 carus
830 1375 934 1409 esset
954 1369 1179 1409 militibus.“
1219 1383 1290 1409 nec
1311 1371 1432 1422 pietas
1456 1375 1640 1421 quattuor

231 1428 477 1467 tribunorum
507 1440 620 1478 quam
644 1427 827 1466 Hortensi
854 1432 932 1466 tam
962 1426 1143 1477 placabile
1165 1427 1211 1466 ad
1232 1427 1351 1466 iustas
1374 1440 1506 1478 preces
1527 1428 1638 1478 inge-

231 1485 338 1524 nium
361 1484 505 1535 pariter
525 1483 627 1535 plebi
648 1483 902 1535 patribusque
925 1483 1069 1534 gratius
1089 1483 1173 1522 fuit.

277 1584 353 1615 3—5.
380 1585 542 1628 Papirius
557 1589 632 1623 etc.‚
652 1585 733 1615 auch
752 1584 803 1615 die
821 1583 898 1616 fast.
971 1584 1205 1624 Abstimmung
1229 1584 1313 1615 iiber
1336 1583 1492 1615 dieselbe.
1511 1601 1556 1606 —
1571 1586 1637 1624 ius,

232 1629 337 1671 Capit.
361 1630 517 1661 scheinen
549 1640 611 1661 nur
639 1630 710 1660 drei
729 1628 897 1660 Tribuuen
971 1629 1054 1661 iiber
1077 1630 1138 1660 den
1157 1629 1388 1669 Angeklagteu
1407 1640 1449 1660 zu
1467 1629 1637 1661 entschei—

230 1675 352 1715 gehabt
366 1685 407 1706 zu
423 1675 537 1715 haben,
557 1685 582 1706 s.
597 1674 681 1706 Inse.
697 1675 754 1705 lat.
769 1685 798 1716 p.
814 1674 896 1713 443,
970 1675 1043 1706 den.
1067 1692 1112 1697 —
1139 1677 1276 1717 potest„
1309 1675 1451 1705 dar-nach
1484 1675 1573 1706 steht
1604 1675 1635 1706 in

230 1720 310 1751 doch
329 1720 412 1751 wird
434 1730 556 1758 verm„
581 1720 657 1751 dass
681 1730 722 1750 an
741 1730 772 1750 u.
791 1719 839 1750 St.
858 1718 896 1751 L.

228 1763 393 1797 Servilius
427 1763 634 1805 ausgefallen
666 1765 732 1807 sei,
774 1765 893 1796 dessen

229 1810 367 1841 zweites
386 1810 548 1841 Tribunat
566 1821 593 1842 c.
612 1810 654 1840 47
674 1810 823 1841 erwiihnt
841 1810 896 1842 ist.

229 1873 273 1878 —-
286 1856 457 1887 Antonius
474 1856 518 1886 ist
535 1855 807 1886 wahrscheinlich
824 1854 899 1886 Ple-

230 1900 340 1941 bejer,
368 1911 396 1931 s.
423 1900 458 1939 3,
489 1899 547 1938 35,
581 1900 638 1940 11,
671 1901 731 1931 wie
756 1900 897 1940 Atilius,

230 1945 261 1984 4,
281 1946 372 1986 7,1,
390 1946 456 1986 vgl.
474 1946 509 1983 5,
532 1945 588 1985 13,
607 1945 637 1984 3,
656 1945 848 1985 Schwegler
865 1944 896 1984 3,

233 1989 337 2021 12.—
349 1993 590 2033 perseverant..
611 1990 650 2020 ob
669 2001 706 2022 er
724 1991 814 2021 ihrer
829 1990 896 2021 Bit-

231 2039 285 2066 ten
304 2036 503 2074 ungeachtet
520 2036 571 2066 die
590 2033 695 2075 Iilage
713 2033 897 2074 verfolgen,

233 2090 274 2110 zu
292 2079 383 2110 Ende
402 2078 518 2111 fuhren
539 2081 650 2111 werde
675 2079 707 2121 (ξ
734 2080 770 2110 6:
801 2089 896 2111 reum

229 2126 390 2167 perago),
419 2126 458 2156 da
489 2125 535 2155 sie
561 2125 641 2155 doch
664 2125 894 2155 eutschlossen

228 2169 358 2206 wiiren,
384 2169 415 2199 iu
435 2170 558 2200 diesem
577 2169 671 2200 Faue
690 2180 731 2200 zu
749 2170 893 2200 interce-

227 2215 320 2246 diren
343 2215 484 2256 (auxilio
503 2214 693 2256 confidere).
712 2231 756 2237 —
773 2215 894 2245 subni-

226 2271 312 2300 ωας,
339 2260 486 2300 absolut,
516 2269 611 2290 wenu
635 2270 707 2290 man
727 2260 817 2290 nicht
833 2269 892 2290 aus

225 2306 435 2336 innocentiae
463 2305 524 2335 den
544 2304 618 2336 Abl.
649 2305 733 2335 dazu
764 2303 892 2335 denken

227 2350 306 2381 will.
321 2368 366 2373 —
382 2349 430 2382 illi
445 2350 564 2389 geho'rt
581 2350 670 2380 nicht
687 2360 727 2380 zu
745 2352 891 2380 aninum.

273 2394 378 2426 6-7.
412 2405 559 2438 perago,
585 2394 643 2432 24,
670 2394 784 2435 25,1:
811 2393 889 2424 Tac.

227 2440 351 2480 Aun.4,
372 2441 429 2472 21:
449 2443 604 2483 receptus
619 2443 669 2471 est
682 2450 770 2479 reus,
785 2450 892 2481 neque

225 2488 386 2527 per-acius
418 2486 455 2517 ob
479 2488 623 2517 mortem
654 2487 889 2527 opportunam.

229 2530 337 2563 Ueber
354 2531 411 2561 das
426 2530 518 2561 Priis.
535 2530 564 2568 2,
583 2530 637 2569 45,
658 2529 716 2568 133
738 2529 768 2567 3,
787 2529 839 2569 52,
859 2529 889 2560 6.

227 2593 271 2598 —-
288 2577 453 2619 erepturi,
473 2577 573 2607 durch
592 2574 812 2607 Intercession
831 2585 891 2614 ge-

226 2631 289 2660 gen
319 2622 369 2652 die
404 2621 566 2661 Rogation
595 2621 675 2652 oder
703 2630 807 2660 gegen
838 2620 890 2651 die

970 1724 1069 1759 guten
1088 1719 1186 1751 Hdss.
1202 1720 1259 1762 pl„
1278 1729 1346 1750 was
1364 1719 1454 1751 viell.
1471 1719 1562 1762 plebe·
1578 1719 1635 1750 be-

971 1765 1102 1804 deutet,
1122 1765 1151 1796 in
1172 1775 1208 1796 so
1227 1763 1297 1796 fern
1317 1765 1377 1796 das
1397 1763 1561 1796 Tribunat
1578 1774 1634 1795 ur-

971 1810 1160 1851 spriinglich
1190 1807 1244 1840 ffir-
1272 1810 1324 1841 die
1342 1809 1438 1840 Plebs
1469 1809 1635 1840 bestimmt

971 1865 1058 1893 war,
1089 1856 1181 1886 diese
1200 1855 1352 1886 dasselbe
1376 1854 1475 1885 durch
1495 1854 1546 1884 ein
1566 1854 1633 1885 sol-

971 1901 1048 1931 ches
1066 1899 1253 1932 Ver-fabren
1271 1899 1431 1930 zun'a'chst
1447 1899 1573 1930 verlor.
1590 1917 1636 1922 -—

968 1955 1071 1988 posse
1102 1945 1161 1981 ist,
1196 1944 1235 1975 da
1269 1944 1321 1975 die
1352 1943 1521 1975 Tribunen
1551 1943 1635 1975 Ein-

971 1990 1108 2031 sprache
1133 1999 1173 2019 zu
1199 1989 1342 2020 erbeben
1361 1989 1548 2029 berecbtigt
1564 1998 1633 2019 wa-

970 2044 1048 2072 ren,
1077 2034 1166 2065 uicht
1194 2045 1235 2064 zu
1259 2034 1395 2074 urgireu
1425 2034 1491 2065 und
1516 2034 1548 2065 in
1574 2035 1633 2065 der

968 2079 1162 2118 Bedeutung
1186 2077 1302 2109 diirfen
1328 2089 1367 2110 zu
1387 2079 1539 2120 nehmen,
1564 2078 1631 2118 vgl.

969 2123 1005 2164 9,
1030 2123 1089 2163 26,
1117 2124 1174 2155 18:
1199 2125 1239 2155 ab
1262 2123 1328 2155 illis
1347 2125 1449 2155 ett'am
1466 2134 1550 2166 quae
1566 2134 1632 2155 non

964 2171 1099 2211 possint
1112 2170 1436 2212 temptari.—pa7‘en
1443 2171 1476 2208 t„
1485 2168 1571 2210 24,8,
1580 2168 1590 2199 1
1600 2168 1630 2200 9.

1013 2213 1031 2244 8
1045 2233 1067 2236 —
1081 2214 1111 2245 9.
1143 2214 1227 2245 nihil
1238 2224 1364 2255 moror,
1383 2214 1433 2245 die
1447 2213 1630 2254 gebi-{iuclu-

966 2259 1050 2290 liehe
1070 2258 1212 2299 Formel,
1232 2269 1326 2290 wenn
1346 2260 1405 2290 der
1421 2259 1630 2298 Angeklagte

966 2304 1153 2344 eutlassen,
1183 2305 1234 2335 die
1259 2304 1426 2346 Anklage,
1455 2314 1519 2335 von
1547 2303 1630 2334 wel-

966 2350 1044 2380 cher
1067 2350 1139 2380 also
1164 2350 1223 2380 der
1240 2349 1408 2389 Ankliiger
1433 2348 1629 2380 zuriicktre-

964 2399 1018 2425 ten
1040 2395 1173 2433 lumnte,
1191 2393 1394 2434 aufgegeben
1409 2394 1534 2431 wurde,
1553 2403 1581 2424 s.
1597 2392 1627 2431 8,

964 2439 1016 2479 35,
1037 2439 1074 2477 83
1094 2439 1147 2479 43,
1169 2439 1219 2480 16,
1243 2438 1292 2479 16,
1311 2439 1421 2479 Lange
1441 2438 1471 2477 2,
1491 2438 1566 2469 607.
1585 2456 1629 2461 ——

963 2495 1022 2515 nee
1034 2504 1054 2506 -
1067 2487 1205 2526 gratius
1220 2499 1241 2510 z
1254 2487 1285 2515 et
1301 2486 1410 2526 pietas
1423 2502 1445 2506 -
1457 2494 1522 2515 non
1539 2493 1628 2524 gra-

965 2532 1134 2571 tior-fuit,
1158 2540 1184 2562 s.
1204 2540 1232 2560 c.
1251 2529 1309 2569 27,
1333 2529 1369 2565 ,Ως
1395 2528 1475 2559 aber
1489 2529 1627 2569 gratius

964 2575 1020 2606 hat
1034 2576 1102 2606 sich
1116 2585 1155 2606 an
1172 2575 1228 2606 das
1243 2575 1363 2605 nabere
1378 2574 1515 2614 Subject
1528 2583 1629 2613 ange-

964 2621 1147 2651 schlossen.
1181 2638 1226 2642 —
1256 2620 1462 2663 patribusq„
1494 2618 1561 2658 vgl.
1597 2618 1626 2658 1,
