<?xml version="1.0" encoding="UTF-8"?>
<!DOCTYPE html PUBLIC "-//W3C//DTD XHTML 1.0 Transitional//EN"
    "http://www.w3.org/TR/xhtml1/DTD/xhtml1-transitional.dtd">
<html xmlns="http://www.w3.org/1999/xhtml" xml:lang="en" lang="en">
 <head>
  <title>
</title>
<meta http-equiv="Content-Type" content="text/html;charset=utf-8" />
  <meta name='ocr-system' content='tesseract 3.04.00' />
  <meta name='ocr-capabilities' content='ocr_page ocr_carea ocr_par ocr_line ocrx_word'/>
</head>
<body>
  <div class='ocr_page' id='page_1' title='image "./aburbeconditalib0102livyuoft_0725.png"; bbox 0 0 1698 2864; ppageno 0'>
   <div class='ocr_carea' id='block_1_1' title="bbox 84 224 336 251">
    <p class='ocr_par' dir='ltr' id='par_1_1' title="bbox 84 224 336 251">
     <span class='ocr_line' id='line_1_1' title="bbox 84 224 336 251; baseline -0.012 0"><span class='ocrx_word' id='word_1_1' title='bbox 84 233 110 251; x_wconf 81' lang='lat' dir='ltr'><strong>a.</strong></span> <span class='ocrx_word' id='word_1_2' title='bbox 126 224 179 251; x_wconf 75' lang='lat' dir='ltr'><strong>Ch.</strong></span> <span class='ocrx_word' id='word_1_3' title='bbox 193 224 255 249; x_wconf 80' lang='lat'>432.</span> <span class='ocrx_word' id='word_1_4' title='bbox 276 224 336 248; x_wconf 79' lang='lat'><strong>431.</strong></span> 
     </span>
    </p>
   </div>
   <div class='ocr_carea' id='block_1_2' title="bbox 582 208 998 243">
    <p class='ocr_par' dir='ltr' id='par_1_2' title="bbox 582 208 998 243">
     <span class='ocr_line' id='line_1_2' title="bbox 582 208 998 243; baseline -0.002 0"><span class='ocrx_word' id='word_1_5' title='bbox 582 209 710 243; x_wconf 87' lang='lat' dir='ltr'>LIBER</span> <span class='ocrx_word' id='word_1_6' title='bbox 732 208 790 242; x_wconf 86' lang='lat' dir='ltr'><strong>IV.</strong></span> <span class='ocrx_word' id='word_1_7' title='bbox 832 209 925 242; x_wconf 80' lang='lat' dir='ltr'><strong>CAP.</strong></span> <span class='ocrx_word' id='word_1_8' title='bbox 944 208 998 242; x_wconf 85' lang='lat'><strong>26.</strong></span> 
     </span>
    </p>
   </div>
   <div class='ocr_carea' id='block_1_3' title="bbox 81 309 1562 1325">
    <p class='ocr_par' dir='ltr' id='par_1_3' title="bbox 81 309 1562 1325">
     <span class='ocr_line' id='line_1_3' title="bbox 84 309 1491 361; baseline -0.008 -3"><span class='ocrx_word' id='word_1_9' title='bbox 84 318 220 358; x_wconf 88' lang='lat' dir='ltr'><strong>hiliora</strong></span> <span class='ocrx_word' id='word_1_10' title='bbox 247 316 508 361; x_wconf 80' lang='lat' dir='ltr'><strong>adferrentur,</strong></span> <span class='ocrx_word' id='word_1_11' title='bbox 537 324 611 352; x_wconf 91' lang='lat' dir='ltr'><strong>nec</strong></span> <span class='ocrx_word' id='word_1_12' title='bbox 636 312 675 351; x_wconf 92' lang='lat' dir='ltr'><strong>in</strong></span> <span class='ocrx_word' id='word_1_13' title='bbox 704 310 932 352; x_wconf 86' lang='lat' dir='ltr'><strong>auctoritate</strong></span> <span class='ocrx_word' id='word_1_14' title='bbox 959 315 1116 350; x_wconf 87' lang='lat' dir='ltr'><strong>senatus</strong></span> <span class='ocrx_word' id='word_1_15' title='bbox 1143 309 1323 349; x_wconf 88' lang='lat' dir='ltr'><strong>consules</strong></span> <span class='ocrx_word' id='word_1_16' title='bbox 1345 313 1491 355; x_wconf 87' lang='lat' dir='ltr'><strong>essent,</strong></span> 
     </span>
     <span class='ocr_line' id='line_1_4' title="bbox 86 365 1541 422; baseline -0.007 -9"><span class='ocrx_word' id='word_1_17' title='bbox 86 374 132 422; x_wconf 88' lang='lat' dir='ltr'><strong>Q.</strong></span> <span class='ocrx_word' id='word_1_18' title='bbox 151 373 333 413; x_wconf 89' lang='lat' dir='ltr'><strong>Servilius</strong></span> <span class='ocrx_word' id='word_1_19' title='bbox 349 371 506 410; x_wconf 85' lang='lat' dir='ltr'><strong>Priscus</strong></span> <span class='ocrx_word' id='word_1_20' title='bbox 524 369 690 409; x_wconf 88' lang='lat' dir='ltr'><strong>summis</strong></span> <span class='ocrx_word' id='word_1_21' title='bbox 707 367 923 407; x_wconf 88' lang='lat' dir='ltr'><strong>honoribus</strong></span> <span class='ocrx_word' id='word_1_22' title='bbox 941 367 1089 418; x_wconf 80' lang='lat' dir='ltr'><strong>egregie</strong></span> <span class='ocrx_word' id='word_1_23' title='bbox 1106 379 1200 406; x_wconf 89' lang='lat' dir='ltr'><strong>usus</strong></span> <span class='ocrx_word' id='word_1_24' title='bbox 1216 370 1335 413; x_wconf 88' lang='lat' dir='ltr'><strong>,‚vos“</strong></span> <span class='ocrx_word' id='word_1_25' title='bbox 1353 365 1487 416; x_wconf 88' lang='lat' dir='ltr'><strong>inquit,</strong></span> <span class='ocrx_word' id='word_1_26' title='bbox 1521 371 1541 403; x_wconf 90' lang='grc'>8</span> 
     </span>
     <span class='ocr_line' id='line_1_5' title="bbox 87 421 1493 479; baseline -0.007 -10"><span class='ocrx_word' id='word_1_27' title='bbox 87 429 256 478; x_wconf 88' lang='lat' dir='ltr'><strong>„tribuni</strong></span> <span class='ocrx_word' id='word_1_28' title='bbox 278 428 419 479; x_wconf 80' lang='lat' dir='ltr'><strong>plebis,</strong></span> <span class='ocrx_word' id='word_1_29' title='bbox 441 426 625 478; x_wconf 90' lang='lat' dir='ltr'><strong>quoniam</strong></span> <span class='ocrx_word' id='word_1_30' title='bbox 648 426 693 464; x_wconf 92' lang='lat' dir='ltr'><strong>ad</strong></span> <span class='ocrx_word' id='word_1_31' title='bbox 716 430 885 464; x_wconf 84' lang='lat' dir='ltr'><strong>extrema</strong></span> <span class='ocrx_word' id='word_1_32' title='bbox 907 429 1064 462; x_wconf 82' lang='lat' dir='ltr'><strong>ventum</strong></span> <span class='ocrx_word' id='word_1_33' title='bbox 1086 428 1156 469; x_wconf 84' lang='lat' dir='ltr'><strong>est,</strong></span> <span class='ocrx_word' id='word_1_34' title='bbox 1179 428 1336 461; x_wconf 82' lang='lat' dir='ltr'><strong>senatus</strong></span> <span class='ocrx_word' id='word_1_35' title='bbox 1358 421 1493 472; x_wconf 85' lang='lat' dir='ltr'><strong>appel-</strong></span> 
     </span>
     <span class='ocr_line' id='line_1_6' title="bbox 84 479 1491 534; baseline -0.006 -9"><span class='ocrx_word' id='word_1_36' title='bbox 84 488 155 534; x_wconf 88' lang='lat' dir='ltr'><strong>lat,</strong></span> <span class='ocrx_word' id='word_1_37' title='bbox 185 491 230 524; x_wconf 85' lang='lat' dir='ltr'><strong>ut</strong></span> <span class='ocrx_word' id='word_1_38' title='bbox 249 485 288 523; x_wconf 89' lang='lat' dir='ltr'><strong>in</strong></span> <span class='ocrx_word' id='word_1_39' title='bbox 308 489 416 523; x_wconf 86' lang='lat' dir='ltr'><strong>tanto</strong></span> <span class='ocrx_word' id='word_1_40' title='bbox 439 482 660 522; x_wconf 85' lang='lat' dir='ltr'><strong>discrimine</strong></span> <span class='ocrx_word' id='word_1_41' title='bbox 680 482 735 521; x_wconf 88' lang='lat' dir='ltr'><strong>rei</strong></span> <span class='ocrx_word' id='word_1_42' title='bbox 756 481 931 533; x_wconf 89' lang='lat' dir='ltr'><strong>publicae</strong></span> <span class='ocrx_word' id='word_1_43' title='bbox 951 480 1177 518; x_wconf 87' lang='lat' dir='ltr'><strong>dictatorem</strong></span> <span class='ocrx_word' id='word_1_44' title='bbox 1200 479 1324 517; x_wconf 88' lang='lat' dir='ltr'><strong>dicere</strong></span> <span class='ocrx_word' id='word_1_45' title='bbox 1345 489 1491 517; x_wconf 85' lang='lat' dir='ltr'><strong>consu-</strong></span> 
     </span>
     <span class='ocr_line' id='line_1_7' title="bbox 83 534 1541 593; baseline -0.007 -12"><span class='ocrx_word' id='word_1_46' title='bbox 83 543 138 581; x_wconf 90' lang='lat' dir='ltr'><strong>les</strong></span> <span class='ocrx_word' id='word_1_47' title='bbox 166 554 239 593; x_wconf 91' lang='lat' dir='ltr'><strong>pro</strong></span> <span class='ocrx_word' id='word_1_48' title='bbox 268 545 462 592; x_wconf 80' lang='lat' dir='ltr'><strong>potestate</strong></span> <span class='ocrx_word' id='word_1_49' title='bbox 490 545 616 578; x_wconf 88' lang='lat' dir='ltr'><strong>vestra</strong></span> <span class='ocrx_word' id='word_1_50' title='bbox 648 539 830 589; x_wconf 82' lang='lat' dir='ltr'><strong>cogatis.“</strong></span> <span class='ocrx_word' id='word_1_51' title='bbox 872 549 946 588; x_wconf 89' lang='lat' dir='ltr'><strong>qua</strong></span> <span class='ocrx_word' id='word_1_52' title='bbox 973 548 1068 574; x_wconf 88' lang='lat' dir='ltr'><strong>voce</strong></span> <span class='ocrx_word' id='word_1_53' title='bbox 1096 535 1222 574; x_wconf 85' lang='lat' dir='ltr'><strong>audita</strong></span> <span class='ocrx_word' id='word_1_54' title='bbox 1246 534 1490 573; x_wconf 80' lang='lat' dir='ltr'><strong>occasionem</strong></span> <span class='ocrx_word' id='word_1_55' title='bbox 1520 541 1541 573; x_wconf 84' lang='lat'>9</span> 
     </span>
     <span class='ocr_line' id='line_1_8' title="bbox 85 590 1491 646; baseline -0.006 -9"><span class='ocrx_word' id='word_1_56' title='bbox 85 598 249 637; x_wconf 85' lang='lat' dir='ltr'><strong>oblatam</strong></span> <span class='ocrx_word' id='word_1_57' title='bbox 277 597 348 636; x_wconf 83' lang='lat' dir='ltr'><strong>rati</strong></span> <span class='ocrx_word' id='word_1_58' title='bbox 374 596 521 635; x_wconf 89' lang='lat' dir='ltr'><strong>tribuni</strong></span> <span class='ocrx_word' id='word_1_59' title='bbox 542 595 739 646; x_wconf 81' lang='lat' dir='ltr'><strong>augendae</strong></span> <span class='ocrx_word' id='word_1_60' title='bbox 760 594 965 645; x_wconf 84' lang='lat' dir='ltr'><strong>potestatis</strong></span> <span class='ocrx_word' id='word_1_61' title='bbox 988 592 1184 638; x_wconf 88' lang='lat' dir='ltr'><strong>secedunt,</strong></span> <span class='ocrx_word' id='word_1_62' title='bbox 1204 603 1354 642; x_wconf 86' lang='lat' dir='ltr'><strong>proque</strong></span> <span class='ocrx_word' id='word_1_63' title='bbox 1376 590 1491 629; x_wconf 89' lang='lat' dir='ltr'><strong>colle-</strong></span> 
     </span>
     <span class='ocr_line' id='line_1_9' title="bbox 83 646 1492 706; baseline -0.006 -13"><span class='ocrx_word' id='word_1_64' title='bbox 83 655 145 706; x_wconf 83' lang='lat' dir='ltr'><strong>gio</strong></span> <span class='ocrx_word' id='word_1_65' title='bbox 168 654 422 705; x_wconf 89' lang='lat' dir='ltr'><strong>pronuntiant</strong></span> <span class='ocrx_word' id='word_1_66' title='bbox 440 652 588 704; x_wconf 86' lang='lat' dir='ltr'><strong>placere</strong></span> <span class='ocrx_word' id='word_1_67' title='bbox 609 651 789 691; x_wconf 85' lang='lat' dir='ltr'><strong>consules</strong></span> <span class='ocrx_word' id='word_1_68' title='bbox 813 649 965 690; x_wconf 86' lang='lat' dir='ltr'><strong>senatui</strong></span> <span class='ocrx_word' id='word_1_69' title='bbox 985 649 1086 688; x_wconf 87' lang='lat' dir='ltr'><strong>dicto</strong></span> <span class='ocrx_word' id='word_1_70' title='bbox 1110 647 1308 687; x_wconf 75' lang='lat' dir='ltr'><strong>audientes</strong></span> <span class='ocrx_word' id='word_1_71' title='bbox 1331 659 1436 693; x_wconf 78' lang='lat' dir='ltr'><strong>esse3</strong></span> <span class='ocrx_word' id='word_1_72' title='bbox 1458 646 1492 684; x_wconf 93' lang='lat' dir='ltr'><strong>si</strong></span> 
     </span>
     <span class='ocr_line' id='line_1_10' title="bbox 84 702 1491 760; baseline -0.007 -10"><span class='ocrx_word' id='word_1_73' title='bbox 84 712 268 750; x_wconf 86' lang='lat' dir='ltr'><strong>adversus</strong></span> <span class='ocrx_word' id='word_1_74' title='bbox 297 721 535 749; x_wconf 90' lang='lat' dir='ltr'><strong>consensum</strong></span> <span class='ocrx_word' id='word_1_75' title='bbox 563 707 792 760; x_wconf 84' lang='lat' dir='ltr'><strong>amplissimi</strong></span> <span class='ocrx_word' id='word_1_76' title='bbox 821 707 969 746; x_wconf 88' lang='lat' dir='ltr'><strong>ordinis</strong></span> <span class='ocrx_word' id='word_1_77' title='bbox 992 706 1089 744; x_wconf 87' lang='lat' dir='ltr'><strong>ultra</strong></span> <span class='ocrx_word' id='word_1_78' title='bbox 1109 705 1283 749; x_wconf 78' lang='lat' dir='ltr'><strong>tendant,</strong></span> <span class='ocrx_word' id='word_1_79' title='bbox 1307 703 1347 741; x_wconf 92' lang='lat' dir='ltr'><strong>in</strong></span> <span class='ocrx_word' id='word_1_80' title='bbox 1369 702 1491 741; x_wconf 87' lang='lat' dir='ltr'><strong>vincla</strong></span> 
     </span>
     <span class='ocr_line' id='line_1_11' title="bbox 85 759 1562 813; baseline -0.007 -7"><span class='ocrx_word' id='word_1_81' title='bbox 85 780 128 806; x_wconf 89' lang='lat' dir='ltr'><strong>se</strong></span> <span class='ocrx_word' id='word_1_82' title='bbox 148 767 235 806; x_wconf 89' lang='lat' dir='ltr'><strong>duci</strong></span> <span class='ocrx_word' id='word_1_83' title='bbox 256 779 325 806; x_wconf 91' lang='lat' dir='ltr'><strong>eos</strong></span> <span class='ocrx_word' id='word_1_84' title='bbox 346 767 538 805; x_wconf 89' lang='lat' dir='ltr'><strong>iussuros.</strong></span> <span class='ocrx_word' id='word_1_85' title='bbox 580 765 759 804; x_wconf 90' lang='lat' dir='ltr'><strong>consules</strong></span> <span class='ocrx_word' id='word_1_86' title='bbox 782 764 828 803; x_wconf 89' lang='lat' dir='ltr'><strong>ab</strong></span> <span class='ocrx_word' id='word_1_87' title='bbox 849 763 1015 802; x_wconf 85' lang='lat' dir='ltr'><strong>tribunis</strong></span> <span class='ocrx_word' id='word_1_88' title='bbox 1038 774 1152 813; x_wconf 88' lang='lat' dir='ltr'><strong>quam</strong></span> <span class='ocrx_word' id='word_1_89' title='bbox 1175 761 1221 800; x_wconf 89' lang='lat' dir='ltr'><strong>ab</strong></span> <span class='ocrx_word' id='word_1_90' title='bbox 1240 765 1376 799; x_wconf 87' lang='lat' dir='ltr'><strong>senatu</strong></span> <span class='ocrx_word' id='word_1_91' title='bbox 1391 759 1491 798; x_wconf 90' lang='lat' dir='ltr'><strong>vinci</strong></span> <span class='ocrx_word' id='word_1_92' title='bbox 1522 765 1562 797; x_wconf 91' lang='lat'><strong>10</strong></span> 
     </span>
     <span class='ocr_line' id='line_1_12' title="bbox 82 815 1492 874; baseline -0.006 -12"><span class='ocrx_word' id='word_1_93' title='bbox 82 823 312 869; x_wconf 86' lang='lat' dir='ltr'><strong>maluerunt,</strong></span> <span class='ocrx_word' id='word_1_94' title='bbox 333 823 531 874; x_wconf 86' lang='lat' dir='ltr'><strong>proditum</strong></span> <span class='ocrx_word' id='word_1_95' title='bbox 555 835 575 861; x_wconf 91' lang='lat' dir='ltr'><strong>a</strong></span> <span class='ocrx_word' id='word_1_96' title='bbox 591 821 766 873; x_wconf 89' lang='lat' dir='ltr'><strong>patribus</strong></span> <span class='ocrx_word' id='word_1_97' title='bbox 787 820 931 860; x_wconf 89' lang='lat' dir='ltr'><strong>summi</strong></span> <span class='ocrx_word' id='word_1_98' title='bbox 947 819 1099 870; x_wconf 88' lang='lat' dir='ltr'><strong>imperii</strong></span> <span class='ocrx_word' id='word_1_99' title='bbox 1116 819 1175 857; x_wconf 91' lang='lat' dir='ltr'><strong>ius</strong></span> <span class='ocrx_word' id='word_1_100' title='bbox 1193 818 1400 868; x_wconf 83' lang='lat' dir='ltr'><strong>datumque</strong></span> <span class='ocrx_word' id='word_1_101' title='bbox 1417 815 1492 854; x_wconf 89' lang='lat' dir='ltr'><strong>sub</strong></span> 
     </span>
     <span class='ocr_line' id='line_1_13' title="bbox 83 873 1490 930; baseline -0.006 -12"><span class='ocrx_word' id='word_1_102' title='bbox 83 881 215 930; x_wconf 88' lang='lat' dir='ltr'><strong>iugum</strong></span> <span class='ocrx_word' id='word_1_103' title='bbox 240 879 467 918; x_wconf 83' lang='lat' dir='ltr'><strong>tribuniciae</strong></span> <span class='ocrx_word' id='word_1_104' title='bbox 494 878 674 930; x_wconf 85' lang='lat' dir='ltr'><strong>potestati</strong></span> <span class='ocrx_word' id='word_1_105' title='bbox 702 877 949 917; x_wconf 87' lang='lat' dir='ltr'><strong>consulatum</strong></span> <span class='ocrx_word' id='word_1_106' title='bbox 977 879 1249 921; x_wconf 82' lang='lat' dir='ltr'><strong>memorantes,</strong></span> <span class='ocrx_word' id='word_1_107' title='bbox 1280 873 1312 911; x_wconf 89' lang='lat' dir='ltr'><strong>si</strong></span> <span class='ocrx_word' id='word_1_108' title='bbox 1334 873 1490 924; x_wconf 90' lang='lat' dir='ltr'><strong>quidem</strong></span> 
     </span>
     <span class='ocr_line' id='line_1_14' title="bbox 84 929 1490 987; baseline -0.006 -12"><span class='ocrx_word' id='word_1_109' title='bbox 84 937 169 987; x_wconf 88' lang='lat' dir='ltr'><strong>cogi</strong></span> <span class='ocrx_word' id='word_1_110' title='bbox 198 937 340 987; x_wconf 89' lang='lat' dir='ltr'><strong>aliquid</strong></span> <span class='ocrx_word' id='word_1_111' title='bbox 371 948 442 987; x_wconf 92' lang='lat' dir='ltr'><strong>pro</strong></span> <span class='ocrx_word' id='word_1_112' title='bbox 472 940 662 986; x_wconf 85' lang='lat' dir='ltr'><strong>potestate</strong></span> <span class='ocrx_word' id='word_1_113' title='bbox 689 934 734 973; x_wconf 93' lang='lat' dir='ltr'><strong>ab</strong></span> <span class='ocrx_word' id='word_1_114' title='bbox 761 934 918 973; x_wconf 89' lang='lat' dir='ltr'><strong>tribuno</strong></span> <span class='ocrx_word' id='word_1_115' title='bbox 948 932 1128 971; x_wconf 89' lang='lat' dir='ltr'><strong>consules</strong></span> <span class='ocrx_word' id='word_1_116' title='bbox 1157 936 1194 969; x_wconf 88' lang='lat' dir='ltr'><strong>et</strong></span> <span class='ocrx_word' id='word_1_117' title='bbox 1219 953 1275 957; x_wconf 88' lang='lat'><strong>——</strong></span> <span class='ocrx_word' id='word_1_118' title='bbox 1297 941 1374 980; x_wconf 90' lang='lat' dir='ltr'><strong>quo</strong></span> <span class='ocrx_word' id='word_1_119' title='bbox 1398 929 1490 979; x_wconf 91' lang='lat' dir='ltr'><strong>quid</strong></span> 
     </span>
     <span class='ocr_line' id='line_1_15' title="bbox 83 986 1488 1043; baseline -0.007 -11"><span class='ocrx_word' id='word_1_120' title='bbox 83 993 241 1032; x_wconf 89' lang='lat' dir='ltr'><strong>ulterius</strong></span> <span class='ocrx_word' id='word_1_121' title='bbox 263 993 411 1043; x_wconf 88' lang='lat' dir='ltr'><strong>privato</strong></span> <span class='ocrx_word' id='word_1_122' title='bbox 433 992 648 1030; x_wconf 84' lang='lat' dir='ltr'><strong>timendum</strong></span> <span class='ocrx_word' id='word_1_123' title='bbox 666 989 797 1029; x_wconf 72' lang='lat' dir='ltr'><strong>foret?</strong></span> <span class='ocrx_word' id='word_1_124' title='bbox 814 1013 867 1017; x_wconf 87' lang='lat'><strong>-—</strong></span> <span class='ocrx_word' id='word_1_125' title='bbox 883 990 923 1028; x_wconf 89' lang='lat' dir='ltr'><strong>in</strong></span> <span class='ocrx_word' id='word_1_126' title='bbox 939 988 1060 1027; x_wconf 88' lang='lat' dir='ltr'><strong>vincla</strong></span> <span class='ocrx_word' id='word_1_127' title='bbox 1076 987 1190 1026; x_wconf 85' lang='lat' dir='ltr'><strong>etiam</strong></span> <span class='ocrx_word' id='word_1_128' title='bbox 1208 986 1295 1024; x_wconf 89' lang='lat' dir='ltr'><strong>duci</strong></span> <span class='ocrx_word' id='word_1_129' title='bbox 1312 990 1488 1037; x_wconf 88' lang='lat' dir='ltr'><strong>possent.</strong></span> 
     </span>
     <span class='ocr_line' id='line_1_16' title="bbox 82 1042 1487 1096; baseline -0.006 -8"><span class='ocrx_word' id='word_1_130' title='bbox 82 1053 248 1096; x_wconf 74' lang='lat' dir='ltr'><strong>sors„ut</strong></span> <span class='ocrx_word' id='word_1_131' title='bbox 268 1048 495 1087; x_wconf 88' lang='lat' dir='ltr'><strong>dictatorem</strong></span> <span class='ocrx_word' id='word_1_132' title='bbox 517 1048 671 1094; x_wconf 87' lang='lat' dir='ltr'><strong>diceret,</strong></span> <span class='ocrx_word' id='word_1_133' title='bbox 693 1058 783 1085; x_wconf 92' lang='lat' dir='ltr'><strong>nam</strong></span> <span class='ocrx_word' id='word_1_134' title='bbox 801 1059 848 1085; x_wconf 88' lang='lat' dir='ltr'><strong>ne</strong></span> <span class='ocrx_word' id='word_1_135' title='bbox 865 1046 900 1083; x_wconf 90' lang='lat' dir='ltr'><strong>id</strong></span> <span class='ocrx_word' id='word_1_136' title='bbox 921 1044 1074 1096; x_wconf 90' lang='lat' dir='ltr'><strong>quidem</strong></span> <span class='ocrx_word' id='word_1_137' title='bbox 1093 1044 1193 1082; x_wconf 91' lang='lat' dir='ltr'><strong>inter</strong></span> <span class='ocrx_word' id='word_1_138' title='bbox 1210 1042 1374 1092; x_wconf 86' lang='lat' dir='ltr'><strong>collegas</strong></span> <span class='ocrx_word' id='word_1_139' title='bbox 1392 1053 1487 1080; x_wconf 89' lang='lat' dir='ltr'><strong>con-</strong></span> 
     </span>
     <span class='ocr_line' id='line_1_17' title="bbox 82 1099 1486 1151; baseline -0.006 -7"><span class='ocrx_word' id='word_1_140' title='bbox 82 1110 246 1151; x_wconf 85' lang='lat' dir='ltr'><strong>venerat,</strong></span> <span class='ocrx_word' id='word_1_141' title='bbox 265 1105 308 1143; x_wconf 92' lang='lat' dir='ltr'><strong>T.</strong></span> <span class='ocrx_word' id='word_1_142' title='bbox 327 1104 506 1151; x_wconf 89' lang='lat' dir='ltr'><strong>Quinctio</strong></span> <span class='ocrx_word' id='word_1_143' title='bbox 525 1103 661 1143; x_wconf 86' lang='lat' dir='ltr'><strong>evenit.</strong></span> <span class='ocrx_word' id='word_1_144' title='bbox 694 1103 727 1141; x_wconf 95' lang='lat' dir='ltr'><strong>is</strong></span> <span class='ocrx_word' id='word_1_145' title='bbox 749 1104 791 1141; x_wconf 81' lang='lat' dir='ltr'><strong>A.</strong></span> <span class='ocrx_word' id='word_1_146' title='bbox 809 1101 1056 1141; x_wconf 89' lang='lat' dir='ltr'><strong>Postumium</strong></span> <span class='ocrx_word' id='word_1_147' title='bbox 1076 1099 1289 1138; x_wconf 88' lang='lat' dir='ltr'><strong>Tubertum</strong></span> <span class='ocrx_word' id='word_1_148' title='bbox 1307 1109 1486 1137; x_wconf 88' lang='lat' dir='ltr'><strong>socerum</strong></span> 
     </span>
     <span class='ocr_line' id='line_1_18' title="bbox 82 1154 1488 1212; baseline -0.006 -11"><span class='ocrx_word' id='word_1_149' title='bbox 82 1174 209 1206; x_wconf 85' lang='lat' dir='ltr'><strong>suum,</strong></span> <span class='ocrx_word' id='word_1_150' title='bbox 228 1161 462 1200; x_wconf 87' lang='lat' dir='ltr'><strong>severissimi</strong></span> <span class='ocrx_word' id='word_1_151' title='bbox 479 1160 630 1212; x_wconf 87' lang='lat' dir='ltr'><strong>imperii</strong></span> <span class='ocrx_word' id='word_1_152' title='bbox 648 1160 785 1206; x_wconf 91' lang='lat' dir='ltr'><strong>virum,</strong></span> <span class='ocrx_word' id='word_1_153' title='bbox 804 1159 1029 1198; x_wconf 86' lang='lat' dir='ltr'><strong>dictatorem</strong></span> <span class='ocrx_word' id='word_1_154' title='bbox 1048 1156 1152 1195; x_wconf 87' lang='lat' dir='ltr'><strong>dixit.</strong></span> <span class='ocrx_word' id='word_1_155' title='bbox 1184 1155 1230 1195; x_wconf 89' lang='lat' dir='ltr'><strong>ab</strong></span> <span class='ocrx_word' id='word_1_156' title='bbox 1247 1168 1292 1194; x_wconf 91' lang='lat' dir='ltr'><strong>eo</strong></span> <span class='ocrx_word' id='word_1_157' title='bbox 1310 1155 1352 1193; x_wconf 91' lang='lat' dir='ltr'><strong>L.</strong></span> <span class='ocrx_word' id='word_1_158' title='bbox 1369 1154 1488 1193; x_wconf 90' lang='lat' dir='ltr'><strong>Iulius</strong></span> 
     </span>
     <span class='ocr_line' id='line_1_19' title="bbox 81 1212 1489 1268; baseline -0.006 -11"><span class='ocrx_word' id='word_1_159' title='bbox 81 1218 266 1268; x_wconf 83' lang='lat' dir='ltr'><strong>magister</strong></span> <span class='ocrx_word' id='word_1_160' title='bbox 292 1218 463 1268; x_wconf 87' lang='lat' dir='ltr'><strong>equitum</strong></span> <span class='ocrx_word' id='word_1_161' title='bbox 491 1222 551 1256; x_wconf 90' lang='lat' dir='ltr'><strong>est</strong></span> <span class='ocrx_word' id='word_1_162' title='bbox 571 1217 709 1256; x_wconf 89' lang='lat' dir='ltr'><strong>dictus.</strong></span> <span class='ocrx_word' id='word_1_163' title='bbox 752 1215 867 1254; x_wconf 89' lang='lat' dir='ltr'><strong>simul</strong></span> <span class='ocrx_word' id='word_1_164' title='bbox 889 1214 1052 1253; x_wconf 89' lang='lat' dir='ltr'><strong>edicitur</strong></span> <span class='ocrx_word' id='word_1_165' title='bbox 1072 1218 1109 1252; x_wconf 88' lang='lat' dir='ltr'><strong>et</strong></span> <span class='ocrx_word' id='word_1_166' title='bbox 1129 1212 1340 1258; x_wconf 83' lang='lat' dir='ltr'><strong>iustitium,</strong></span> <span class='ocrx_word' id='word_1_167' title='bbox 1363 1223 1489 1261; x_wconf 89' lang='lat' dir='ltr'><strong>neque</strong></span> 
     </span>
     <span class='ocr_line' id='line_1_20' title="bbox 84 1267 1489 1325; baseline -0.006 -12"><span class='ocrx_word' id='word_1_168' title='bbox 84 1275 184 1313; x_wconf 86' lang='lat' dir='ltr'><strong>aliud</strong></span> <span class='ocrx_word' id='word_1_169' title='bbox 211 1279 291 1313; x_wconf 85' lang='lat' dir='ltr'><strong>tota</strong></span> <span class='ocrx_word' id='word_1_170' title='bbox 324 1274 417 1313; x_wconf 88' lang='lat' dir='ltr'><strong>urbe</strong></span> <span class='ocrx_word' id='word_1_171' title='bbox 445 1273 503 1324; x_wconf 83' lang='lat' dir='ltr'><strong>agi</strong></span> <span class='ocrx_word' id='word_1_172' title='bbox 526 1286 640 1325; x_wconf 91' lang='lat' dir='ltr'><strong>quam</strong></span> <span class='ocrx_word' id='word_1_173' title='bbox 670 1272 816 1312; x_wconf 91' lang='lat' dir='ltr'><strong>bellum</strong></span> <span class='ocrx_word' id='word_1_174' title='bbox 845 1271 1033 1323; x_wconf 86' lang='lat' dir='ltr'><strong>apparari.</strong></span> <span class='ocrx_word' id='word_1_175' title='bbox 1082 1269 1250 1320; x_wconf 86' lang='lat' dir='ltr'><strong>cognitio</strong></span> <span class='ocrx_word' id='word_1_176' title='bbox 1273 1267 1489 1306; x_wconf 86' lang='lat' dir='ltr'><strong>vacantium</strong></span> 
     </span>
    </p>
   </div>
   <div class='ocr_carea' id='block_1_4' title="bbox 80 1371 751 2679">
    <p class='ocr_par' dir='ltr' id='par_1_4' title="bbox 82 1371 751 1732">
     <span class='ocr_line' id='line_1_21' title="bbox 83 1371 749 1413; baseline -0.003 -8"><span class='ocrx_word' id='word_1_177' title='bbox 83 1375 196 1406; x_wconf 89' lang='lat' dir='ltr'><strong>dieser</strong></span> <span class='ocrx_word' id='word_1_178' title='bbox 219 1374 309 1405; x_wconf 85' lang='lat' dir='ltr'><strong>seine</strong></span> <span class='ocrx_word' id='word_1_179' title='bbox 328 1371 501 1413; x_wconf 85' lang='lat' dir='ltr'><strong>Befugniss</strong></span> <span class='ocrx_word' id='word_1_180' title='bbox 526 1373 672 1404; x_wconf 86' lang='lat' dir='ltr'><strong>dieselbe</strong></span> <span class='ocrx_word' id='word_1_181' title='bbox 690 1382 749 1403; x_wconf 87' lang='lat' dir='ltr'><strong>an-</strong></span> 
     </span>
     <span class='ocr_line' id='line_1_22' title="bbox 82 1418 751 1458; baseline -0.001 -7"><span class='ocrx_word' id='word_1_182' title='bbox 82 1419 264 1458; x_wconf 85' lang='lat' dir='ltr'><strong>zuordnen,</strong></span> <span class='ocrx_word' id='word_1_183' title='bbox 283 1429 309 1450; x_wconf 73' lang='lat' dir='ltr'><strong>s,</strong></span> <span class='ocrx_word' id='word_1_184' title='bbox 329 1418 396 1450; x_wconf 90' lang='lat' dir='ltr'><strong>Cic.</strong></span> <span class='ocrx_word' id='word_1_185' title='bbox 414 1418 494 1458; x_wconf 82' lang='lat' dir='ltr'><strong>Leg.</strong></span> <span class='ocrx_word' id='word_1_186' title='bbox 513 1418 545 1458; x_wconf 90' lang='lat'><strong>3,</strong></span> <span class='ocrx_word' id='word_1_187' title='bbox 563 1418 593 1458; x_wconf 88' lang='lat'><strong>3,</strong></span> <span class='ocrx_word' id='word_1_188' title='bbox 612 1418 642 1456; x_wconf 92' lang='lat'><strong>9,</strong></span> <span class='ocrx_word' id='word_1_189' title='bbox 660 1418 751 1450; x_wconf 79' lang='lat' dir='ltr'><strong>nieht</strong></span> 
     </span>
     <span class='ocr_line' id='line_1_23' title="bbox 82 1462 750 1504; baseline -0.004 -8"><span class='ocrx_word' id='word_1_190' title='bbox 82 1464 228 1496; x_wconf 83' lang='lat' dir='ltr'><strong>ausiiben</strong></span> <span class='ocrx_word' id='word_1_191' title='bbox 249 1465 345 1495; x_wconf 87' lang='lat' dir='ltr'><strong>kann.</strong></span> <span class='ocrx_word' id='word_1_192' title='bbox 371 1482 414 1486; x_wconf 96' lang='lat'>—</span> <span class='ocrx_word' id='word_1_193' title='bbox 437 1466 470 1495; x_wconf 84' lang='lat' dir='ltr'><strong>in</strong></span> <span class='ocrx_word' id='word_1_194' title='bbox 494 1466 599 1504; x_wconf 56' lang='lat' dir='ltr'><strong>auct„</strong></span> <span class='ocrx_word' id='word_1_195' title='bbox 629 1462 666 1502; x_wconf 92' lang='lat'><strong>2,</strong></span> <span class='ocrx_word' id='word_1_196' title='bbox 697 1462 750 1504; x_wconf 84' lang='lat'><strong>56,</strong></span> 
     </span>
     <span class='ocr_line' id='line_1_24' title="bbox 86 1508 748 1550; baseline -0.003 -9"><span class='ocrx_word' id='word_1_197' title='bbox 86 1510 144 1548; x_wconf 79' lang='lat'><strong>163</strong></span> <span class='ocrx_word' id='word_1_198' title='bbox 164 1509 195 1549; x_wconf 87' lang='grc'><strong>3,</strong></span> <span class='ocrx_word' id='word_1_199' title='bbox 213 1509 266 1548; x_wconf 87' lang='grc'><strong>21,</strong></span> <span class='ocrx_word' id='word_1_200' title='bbox 287 1509 322 1548; x_wconf 87' lang='grc'><strong>1;</strong></span> <span class='ocrx_word' id='word_1_201' title='bbox 343 1519 377 1540; x_wconf 89' lang='lat' dir='ltr'><strong>es</strong></span> <span class='ocrx_word' id='word_1_202' title='bbox 396 1509 466 1549; x_wconf 82' lang='lat' dir='ltr'><strong>galt</strong></span> <span class='ocrx_word' id='word_1_203' title='bbox 482 1508 653 1550; x_wconf 82' lang='lat' dir='ltr'><strong>alsRegel,</strong></span> <span class='ocrx_word' id='word_1_204' title='bbox 671 1509 748 1539; x_wconf 89' lang='lat' dir='ltr'><strong>dass</strong></span> 
     </span>
     <span class='ocr_line' id='line_1_25' title="bbox 83 1553 747 1594; baseline -0.003 -8"><span class='ocrx_word' id='word_1_205' title='bbox 83 1556 152 1586; x_wconf 86' lang='lat' dir='ltr'><strong>sich</strong></span> <span class='ocrx_word' id='word_1_206' title='bbox 171 1555 222 1586; x_wconf 88' lang='lat' dir='ltr'><strong>die</strong></span> <span class='ocrx_word' id='word_1_207' title='bbox 242 1554 440 1594; x_wconf 85' lang='lat' dir='ltr'><strong>Magistrate</strong></span> <span class='ocrx_word' id='word_1_208' title='bbox 465 1554 497 1585; x_wconf 91' lang='lat' dir='ltr'><strong>in</strong></span> <span class='ocrx_word' id='word_1_209' title='bbox 515 1554 649 1585; x_wconf 87' lang='lat' dir='ltr'><strong>solcheu</strong></span> <span class='ocrx_word' id='word_1_210' title='bbox 667 1553 747 1585; x_wconf 69' lang='lat' dir='ltr'><strong>Fal-</strong></span> 
     </span>
     <span class='ocr_line' id='line_1_26' title="bbox 82 1599 747 1631; baseline -0.002 0"><span class='ocrx_word' id='word_1_211' title='bbox 82 1600 136 1631; x_wconf 87' lang='lat' dir='ltr'><strong>len</strong></span> <span class='ocrx_word' id='word_1_212' title='bbox 167 1600 239 1631; x_wconf 90' lang='lat' dir='ltr'><strong>dem</strong></span> <span class='ocrx_word' id='word_1_213' title='bbox 268 1599 392 1631; x_wconf 77' lang='lat' dir='ltr'><strong>Seuate</strong></span> <span class='ocrx_word' id='word_1_214' title='bbox 422 1599 472 1630; x_wconf 90' lang='lat' dir='ltr'><strong>als</strong></span> <span class='ocrx_word' id='word_1_215' title='bbox 502 1600 562 1631; x_wconf 87' lang='lat' dir='ltr'><strong>der</strong></span> <span class='ocrx_word' id='word_1_216' title='bbox 591 1599 747 1630; x_wconf 85' lang='lat' dir='ltr'><strong>obersten</strong></span> 
     </span>
     <span class='ocr_line' id='line_1_27' title="bbox 82 1642 749 1685; baseline -0.003 -8"><span class='ocrx_word' id='word_1_217' title='bbox 82 1644 465 1684; x_wconf 79' lang='lat' dir='ltr'><strong>Verwaltungsbeho&#39;rde</strong></span> <span class='ocrx_word' id='word_1_218' title='bbox 493 1642 620 1685; x_wconf 79' lang='lat' dir='ltr'><strong>fdgten.</strong></span> <span class='ocrx_word' id='word_1_219' title='bbox 642 1662 688 1667; x_wconf 92' lang='lat'>—</span> <span class='ocrx_word' id='word_1_220' title='bbox 711 1643 749 1683; x_wconf 82' lang='lat' dir='ltr'><strong>Q.</strong></span> 
     </span>
     <span class='ocr_line' id='line_1_28' title="bbox 82 1689 634 1732; baseline -0.004 -10"><span class='ocrx_word' id='word_1_221' title='bbox 82 1689 191 1731; x_wconf 63' lang='lat' dir='ltr'><strong>Serv„</strong></span> <span class='ocrx_word' id='word_1_222' title='bbox 210 1701 237 1721; x_wconf 90' lang='lat' dir='ltr'><strong>c.</strong></span> <span class='ocrx_word' id='word_1_223' title='bbox 256 1689 310 1731; x_wconf 89' lang='lat'><strong>21,</strong></span> <span class='ocrx_word' id='word_1_224' title='bbox 328 1690 357 1732; x_wconf 91' lang='lat'><strong>9,</strong></span> <span class='ocrx_word' id='word_1_225' title='bbox 375 1690 443 1729; x_wconf 84' lang='lat' dir='ltr'><strong>vgl.</strong></span> <span class='ocrx_word' id='word_1_226' title='bbox 462 1700 488 1720; x_wconf 90' lang='lat' dir='ltr'><strong>c.</strong></span> <span class='ocrx_word' id='word_1_227' title='bbox 509 1689 561 1731; x_wconf 83' lang='lat'><strong>56,</strong></span> <span class='ocrx_word' id='word_1_228' title='bbox 583 1689 634 1720; x_wconf 88' lang='lat'><strong>10.</strong></span> 
     </span>
    </p>

    <p class='ocr_par' dir='ltr' id='par_1_5' title="bbox 80 1735 750 2577">
     <span class='ocr_line' id='line_1_29' title="bbox 128 1735 749 1777; baseline -0.003 -10"><span class='ocrx_word' id='word_1_229' title='bbox 128 1735 147 1767; x_wconf 85' lang='lat'>8</span> <span class='ocrx_word' id='word_1_230' title='bbox 164 1754 186 1758; x_wconf 88' lang='lat'><strong>—-</strong></span> <span class='ocrx_word' id='word_1_231' title='bbox 204 1735 235 1766; x_wconf 89' lang='lat'><strong>9.</strong></span> <span class='ocrx_word' id='word_1_232' title='bbox 278 1745 341 1777; x_wconf 81' lang='lat' dir='ltr'><strong>pro</strong></span> <span class='ocrx_word' id='word_1_233' title='bbox 363 1737 433 1777; x_wconf 81' lang='lat' dir='ltr'><strong>pot.</strong></span> <span class='ocrx_word' id='word_1_234' title='bbox 458 1746 489 1766; x_wconf 90' lang='lat' dir='ltr'><strong>n.</strong></span> <span class='ocrx_word' id='word_1_235' title='bbox 519 1736 749 1773; x_wconf 74' lang='lat' dir='ltr'><strong>sacrosancta,</strong></span> 
     </span>
     <span class='ocr_line' id='line_1_30' title="bbox 81 1780 749 1820; baseline -0.001 -9"><span class='ocrx_word' id='word_1_236' title='bbox 81 1782 238 1820; x_wconf 68' lang='lat' dir='ltr'><strong>vermiige</strong></span> <span class='ocrx_word' id='word_1_237' title='bbox 253 1780 584 1820; x_wconf 82' lang='lat' dir='ltr'><strong>ihrerAmtsgewalt‚</strong></span> <span class='ocrx_word' id='word_1_238' title='bbox 603 1780 662 1810; x_wconf 85' lang='lat' dir='ltr'><strong>der</strong></span> <span class='ocrx_word' id='word_1_239' title='bbox 680 1780 749 1810; x_wconf 89' lang='lat' dir='ltr'><strong>sich</strong></span> 
     </span>
     <span class='ocr_line' id='line_1_31' title="bbox 82 1824 749 1857; baseline -0.001 -1"><span class='ocrx_word' id='word_1_240' title='bbox 82 1825 133 1856; x_wconf 87' lang='lat' dir='ltr'><strong>die</strong></span> <span class='ocrx_word' id='word_1_241' title='bbox 152 1825 297 1857; x_wconf 92' lang='lat' dir='ltr'><strong>Consuln</strong></span> <span class='ocrx_word' id='word_1_242' title='bbox 321 1825 411 1857; x_wconf 84' lang='lat' dir='ltr'><strong>nicht</strong></span> <span class='ocrx_word' id='word_1_243' title='bbox 428 1826 649 1856; x_wconf 83' lang='lat' dir='ltr'><strong>widersetzen</strong></span> <span class='ocrx_word' id='word_1_244' title='bbox 669 1824 749 1855; x_wconf 66' lang='grc'><strong>(1111*-</strong></span> 
     </span>
     <span class='ocr_line' id='line_1_32' title="bbox 81 1869 750 1910; baseline -0.001 -9"><span class='ocrx_word' id='word_1_245' title='bbox 81 1869 147 1910; x_wconf 86' lang='lat' dir='ltr'><strong>fen,</strong></span> <span class='ocrx_word' id='word_1_246' title='bbox 164 1881 191 1902; x_wconf 91' lang='lat' dir='ltr'><strong>s.</strong></span> <span class='ocrx_word' id='word_1_247' title='bbox 209 1870 237 1910; x_wconf 93' lang='lat'><strong>1,</strong></span> <span class='ocrx_word' id='word_1_248' title='bbox 256 1870 309 1909; x_wconf 87' lang='lat'><strong>51,</strong></span> <span class='ocrx_word' id='word_1_249' title='bbox 328 1870 412 1902; x_wconf 89' lang='lat'><strong>2.—-</strong></span> <span class='ocrx_word' id='word_1_250' title='bbox 425 1869 596 1908; x_wconf 80' lang='lat' dir='ltr'><strong>secedunt,</strong></span> <span class='ocrx_word' id='word_1_251' title='bbox 615 1870 662 1901; x_wconf 88' lang='lat' dir='ltr'><strong>sie</strong></span> <span class='ocrx_word' id='word_1_252' title='bbox 681 1870 750 1901; x_wconf 90' lang='lat' dir='ltr'><strong>zie-</strong></span> 
     </span>
     <span class='ocr_line' id='line_1_33' title="bbox 82 1915 748 1947; baseline -0.002 0"><span class='ocrx_word' id='word_1_253' title='bbox 82 1916 145 1947; x_wconf 88' lang='lat' dir='ltr'><strong>hen</strong></span> <span class='ocrx_word' id='word_1_254' title='bbox 174 1915 244 1947; x_wconf 89' lang='lat' dir='ltr'><strong>sich</strong></span> <span class='ocrx_word' id='word_1_255' title='bbox 269 1915 393 1946; x_wconf 87' lang='lat' dir='ltr'><strong>zuriick</strong></span> <span class='ocrx_word' id='word_1_256' title='bbox 417 1926 470 1946; x_wconf 90' lang='lat' dir='ltr'><strong>um</strong></span> <span class='ocrx_word' id='word_1_257' title='bbox 495 1916 546 1947; x_wconf 90' lang='lat' dir='ltr'><strong>die</strong></span> <span class='ocrx_word' id='word_1_258' title='bbox 571 1915 676 1946; x_wconf 86' lang='lat' dir='ltr'><strong>Sache</strong></span> <span class='ocrx_word' id='word_1_259' title='bbox 707 1925 748 1946; x_wconf 88' lang='lat' dir='ltr'><strong>zu</strong></span> 
     </span>
     <span class='ocr_line' id='line_1_34' title="bbox 82 1959 749 1999; baseline -0.001 -7"><span class='ocrx_word' id='word_1_260' title='bbox 82 1960 241 1992; x_wconf 88' lang='lat' dir='ltr'><strong>herathen</strong></span> <span class='ocrx_word' id='word_1_261' title='bbox 265 1961 330 1991; x_wconf 89' lang='lat' dir='ltr'><strong>und</strong></span> <span class='ocrx_word' id='word_1_262' title='bbox 359 1961 452 1992; x_wconf 89' lang='lat' dir='ltr'><strong>einen</strong></span> <span class='ocrx_word' id='word_1_263' title='bbox 473 1960 649 1992; x_wconf 89' lang='lat' dir='ltr'><strong>Beschluss</strong></span> <span class='ocrx_word' id='word_1_264' title='bbox 677 1959 749 1999; x_wconf 84' lang='lat' dir='ltr'><strong>(de-</strong></span> 
     </span>
     <span class='ocr_line' id='line_1_35' title="bbox 82 2003 748 2047; baseline -0.002 -10"><span class='ocrx_word' id='word_1_265' title='bbox 82 2009 228 2044; x_wconf 80' lang='lat' dir='ltr'><strong>cretum,</strong></span> <span class='ocrx_word' id='word_1_266' title='bbox 258 2005 294 2045; x_wconf 89' lang='lat'><strong>3,</strong></span> <span class='ocrx_word' id='word_1_267' title='bbox 327 2004 383 2047; x_wconf 91' lang='grc'><strong>13,</strong></span> <span class='ocrx_word' id='word_1_268' title='bbox 413 2005 444 2046; x_wconf 89' lang='grc'><strong>6)</strong></span> <span class='ocrx_word' id='word_1_269' title='bbox 464 2017 505 2037; x_wconf 92' lang='lat' dir='ltr'><strong>zu</strong></span> <span class='ocrx_word' id='word_1_270' title='bbox 527 2003 658 2044; x_wconf 89' lang='lat' dir='ltr'><strong>fassen,</strong></span> <span class='ocrx_word' id='word_1_271' title='bbox 689 2005 748 2036; x_wconf 87' lang='lat' dir='ltr'><strong>der</strong></span> 
     </span>
     <span class='ocr_line' id='line_1_36' title="bbox 82 2050 746 2090; baseline 0 -9"><span class='ocrx_word' id='word_1_272' title='bbox 82 2051 167 2082; x_wconf 81' lang='lat' dir='ltr'><strong>daun</strong></span> <span class='ocrx_word' id='word_1_273' title='bbox 191 2051 240 2082; x_wconf 86' lang='lat' dir='ltr'><strong>als</strong></span> <span class='ocrx_word' id='word_1_274' title='bbox 265 2051 441 2082; x_wconf 84' lang='lat' dir='ltr'><strong>Beschluss</strong></span> <span class='ocrx_word' id='word_1_275' title='bbox 472 2052 529 2082; x_wconf 90' lang='lat' dir='ltr'><strong>des</strong></span> <span class='ocrx_word' id='word_1_276' title='bbox 553 2050 746 2090; x_wconf 85' lang='lat' dir='ltr'><strong>Collegium,</strong></span> 
     </span>
     <span class='ocr_line' id='line_1_37' title="bbox 83 2095 745 2139; baseline -0.002 -12"><span class='ocrx_word' id='word_1_277' title='bbox 83 2096 124 2127; x_wconf 90' lang='lat' dir='ltr'><strong>im</strong></span> <span class='ocrx_word' id='word_1_278' title='bbox 142 2095 266 2127; x_wconf 84' lang='lat' dir='ltr'><strong>Namen</strong></span> <span class='ocrx_word' id='word_1_279' title='bbox 292 2096 467 2127; x_wconf 85' lang='lat' dir='ltr'><strong>desselben</strong></span> <span class='ocrx_word' id='word_1_280' title='bbox 492 2096 566 2139; x_wconf 73' lang='lat' dir='ltr'><strong>(pro</strong></span> <span class='ocrx_word' id='word_1_281' title='bbox 596 2095 745 2137; x_wconf 79' lang='lat' dir='ltr'><strong>collegio,</strong></span> 
     </span>
     <span class='ocr_line' id='line_1_38' title="bbox 82 2140 746 2182; baseline 0 -10"><span class='ocrx_word' id='word_1_282' title='bbox 82 2152 109 2172; x_wconf 91' lang='lat' dir='ltr'><strong>s.</strong></span> <span class='ocrx_word' id='word_1_283' title='bbox 128 2151 155 2173; x_wconf 91' lang='lat' dir='ltr'><strong>c.</strong></span> <span class='ocrx_word' id='word_1_284' title='bbox 174 2141 233 2182; x_wconf 81' lang='grc'><strong>44,</strong></span> <span class='ocrx_word' id='word_1_285' title='bbox 256 2140 313 2179; x_wconf 76' lang='lat'><strong>123</strong></span> <span class='ocrx_word' id='word_1_286' title='bbox 334 2140 392 2179; x_wconf 83' lang='lat'><strong>53,</strong></span> <span class='ocrx_word' id='word_1_287' title='bbox 412 2141 447 2175; x_wconf 66' lang='lat'><strong>72</strong></span> <span class='ocrx_word' id='word_1_288' title='bbox 468 2140 524 2182; x_wconf 79' lang='lat'><strong>38,</strong></span> <span class='ocrx_word' id='word_1_289' title='bbox 545 2140 604 2180; x_wconf 89' lang='lat'><strong>36,</strong></span> <span class='ocrx_word' id='word_1_290' title='bbox 622 2141 659 2181; x_wconf 87' lang='grc'><strong>4,</strong></span> <span class='ocrx_word' id='word_1_291' title='bbox 678 2141 746 2181; x_wconf 85' lang='lat' dir='ltr'><strong>vgl.</strong></span> 
     </span>
     <span class='ocr_line' id='line_1_39' title="bbox 83 2185 746 2229; baseline 0.002 -12"><span class='ocrx_word' id='word_1_292' title='bbox 83 2185 142 2227; x_wconf 86' lang='lat'><strong>32,</strong></span> <span class='ocrx_word' id='word_1_293' title='bbox 170 2185 225 2225; x_wconf 92' lang='lat'><strong>19,</strong></span> <span class='ocrx_word' id='word_1_294' title='bbox 250 2185 281 2224; x_wconf 80' lang='lat'><strong>9)</strong></span> <span class='ocrx_word' id='word_1_295' title='bbox 306 2190 529 2226; x_wconf 78' lang='lat' dir='ltr'><strong>vorgetragen</strong></span> <span class='ocrx_word' id='word_1_296' title='bbox 552 2186 634 2217; x_wconf 77' lang='lat' dir='ltr'><strong>wir-d</strong></span> <span class='ocrx_word' id='word_1_297' title='bbox 654 2187 746 2229; x_wconf 84' lang='lat' dir='ltr'><strong>(pro-</strong></span> 
     </span>
     <span class='ocr_line' id='line_1_40' title="bbox 80 2230 746 2272; baseline -0.002 -9"><span class='ocrx_word' id='word_1_298' title='bbox 80 2231 267 2272; x_wconf 74' lang='lat' dir='ltr'><strong>nuntiant),</strong></span> <span class='ocrx_word' id='word_1_299' title='bbox 290 2231 414 2262; x_wconf 82' lang='lat' dir='ltr'><strong>Becker</strong></span> <span class='ocrx_word' id='word_1_300' title='bbox 432 2230 468 2268; x_wconf 87' lang='lat'><strong>2,</strong></span> <span class='ocrx_word' id='word_1_301' title='bbox 496 2230 533 2270; x_wconf 89' lang='lat'><strong>2,</strong></span> <span class='ocrx_word' id='word_1_302' title='bbox 558 2231 633 2262; x_wconf 74' lang='lat'>275.</span> <span class='ocrx_word' id='word_1_303' title='bbox 651 2249 696 2254; x_wconf 89' lang='lat'><strong>—</strong></span> <span class='ocrx_word' id='word_1_304' title='bbox 712 2233 746 2263; x_wconf 76' lang='lat' dir='ltr'><strong>in</strong></span> 
     </span>
     <span class='ocr_line' id='line_1_41' title="bbox 82 2275 748 2317; baseline -0.002 -9"><span class='ocrx_word' id='word_1_305' title='bbox 82 2277 187 2308; x_wconf 73' lang='lat' dir='ltr'><strong>vinela</strong></span> <span class='ocrx_word' id='word_1_306' title='bbox 204 2281 278 2316; x_wconf 88' lang='lat' dir='ltr'><strong>etc.,</strong></span> <span class='ocrx_word' id='word_1_307' title='bbox 297 2276 581 2316; x_wconf 84' lang='lat' dir='ltr'><strong>Einschliessung,</strong></span> <span class='ocrx_word' id='word_1_308' title='bbox 600 2275 748 2317; x_wconf 71' lang='lat' dir='ltr'><strong>Geszing-</strong></span> 
     </span>
     <span class='ocr_line' id='line_1_42' title="bbox 82 2321 747 2362; baseline -0.002 -10"><span class='ocrx_word' id='word_1_309' title='bbox 82 2322 167 2362; x_wconf 85' lang='lat' dir='ltr'><strong>niss,</strong></span> <span class='ocrx_word' id='word_1_310' title='bbox 198 2322 287 2353; x_wconf 87' lang='lat' dir='ltr'><strong>nicht</strong></span> <span class='ocrx_word' id='word_1_311' title='bbox 304 2322 424 2362; x_wconf 83' lang='lat' dir='ltr'><strong>gerade</strong></span> <span class='ocrx_word' id='word_1_312' title='bbox 444 2321 601 2360; x_wconf 83' lang='lat' dir='ltr'><strong>Fesseln,</strong></span> <span class='ocrx_word' id='word_1_313' title='bbox 621 2321 650 2359; x_wconf 88' lang='lat'><strong>5,</strong></span> <span class='ocrx_word' id='word_1_314' title='bbox 670 2321 708 2360; x_wconf 88' lang='lat'><strong>9,</strong></span> <span class='ocrx_word' id='word_1_315' title='bbox 726 2322 747 2352; x_wconf 90' lang='grc'>4</span> 
     </span>
     <span class='ocr_line' id='line_1_43' title="bbox 81 2365 748 2407; baseline -0.001 -9"><span class='ocrx_word' id='word_1_316' title='bbox 81 2377 113 2398; x_wconf 86' lang='grc' dir='ltr'><strong>ιι.</strong></span> <span class='ocrx_word' id='word_1_317' title='bbox 132 2377 180 2406; x_wconf 87' lang='lat' dir='ltr'><strong>a.;</strong></span> <span class='ocrx_word' id='word_1_318' title='bbox 201 2367 262 2398; x_wconf 86' lang='lat' dir='ltr'><strong>wie</strong></span> <span class='ocrx_word' id='word_1_319' title='bbox 281 2367 311 2406; x_wconf 83' lang='lat'><strong>2,</strong></span> <span class='ocrx_word' id='word_1_320' title='bbox 330 2366 382 2407; x_wconf 83' lang='lat'><strong>56,</strong></span> <span class='ocrx_word' id='word_1_321' title='bbox 404 2365 443 2397; x_wconf 88' lang='grc'><strong>13</strong></span> <span class='ocrx_word' id='word_1_322' title='bbox 458 2367 591 2397; x_wconf 86' lang='lat' dir='ltr'><strong>macheu</strong></span> <span class='ocrx_word' id='word_1_323' title='bbox 610 2366 748 2398; x_wconf 87' lang='lat' dir='ltr'><strong>dieTri-</strong></span> 
     </span>
     <span class='ocr_line' id='line_1_44' title="bbox 81 2412 745 2443; baseline -0.002 0"><span class='ocrx_word' id='word_1_324' title='bbox 81 2412 189 2443; x_wconf 89' lang='lat' dir='ltr'><strong>hunen</strong></span> <span class='ocrx_word' id='word_1_325' title='bbox 223 2413 280 2443; x_wconf 86' lang='lat' dir='ltr'><strong>das</strong></span> <span class='ocrx_word' id='word_1_326' title='bbox 314 2413 410 2443; x_wconf 80' lang='lat' dir='ltr'><strong>ihnen</strong></span> <span class='ocrx_word' id='word_1_327' title='bbox 453 2412 657 2443; x_wconf 86' lang='lat' dir='ltr'><strong>zustehende</strong></span> <span class='ocrx_word' id='word_1_328' title='bbox 693 2412 745 2443; x_wconf 91' lang='lat' dir='ltr'><strong>ius</strong></span> 
     </span>
     <span class='ocr_line' id='line_1_45' title="bbox 82 2456 745 2499; baseline -0.002 -11"><span class='ocrx_word' id='word_1_329' title='bbox 82 2457 286 2499; x_wconf 85' lang='lat' dir='ltr'><strong>prensionis,</strong></span> <span class='ocrx_word' id='word_1_330' title='bbox 304 2467 330 2489; x_wconf 92' lang='lat' dir='ltr'><strong>s.</strong></span> <span class='ocrx_word' id='word_1_331' title='bbox 351 2457 410 2495; x_wconf 87' lang='grc'>29,</span> <span class='ocrx_word' id='word_1_332' title='bbox 431 2457 490 2497; x_wconf 79' lang='lat'><strong>20,</strong></span> <span class='ocrx_word' id='word_1_333' title='bbox 512 2456 568 2497; x_wconf 88' lang='lat'><strong>11,</strong></span> <span class='ocrx_word' id='word_1_334' title='bbox 586 2457 668 2487; x_wconf 83' lang='lat' dir='ltr'><strong>auch</strong></span> <span class='ocrx_word' id='word_1_335' title='bbox 686 2467 745 2496; x_wconf 87' lang='lat' dir='ltr'><strong>ge-</strong></span> 
     </span>
     <span class='ocr_line' id='line_1_46' title="bbox 82 2501 745 2577; baseline 0 -44"><span class='ocrx_word' id='word_1_336' title='bbox 82 2512 143 2577; x_wconf 60' lang='lat' dir='ltr'><strong>gen</strong></span> <span class='ocrx_word' id='word_1_337' title='bbox 168 2503 219 2535; x_wconf 92' lang='lat' dir='ltr'><strong>die</strong></span> <span class='ocrx_word' id='word_1_338' title='bbox 244 2502 387 2534; x_wconf 87' lang='lat' dir='ltr'><strong>Consuln</strong></span> <span class='ocrx_word' id='word_1_339' title='bbox 412 2502 561 2544; x_wconf 84' lang='lat' dir='ltr'><strong>geltend,</strong></span> <span class='ocrx_word' id='word_1_340' title='bbox 586 2501 696 2542; x_wconf 89' lang='lat' dir='ltr'><strong>Lange</strong></span> <span class='ocrx_word' id='word_1_341' title='bbox 717 2502 745 2543; x_wconf 95' lang='lat'><strong>1,</strong></span> 
     </span>
    </p>

    <p class='ocr_par' dir='ltr' id='par_1_6' title="bbox 83 2592 745 2679">
     <span class='ocr_line' id='line_1_47' title="bbox 130 2592 745 2635; baseline -0.003 -11"><span class='ocrx_word' id='word_1_342' title='bbox 130 2592 205 2624; x_wconf 91' lang='lat'><strong>10—</strong></span> <span class='ocrx_word' id='word_1_343' title='bbox 220 2592 270 2625; x_wconf 89' lang='lat'><strong>11.</strong></span> <span class='ocrx_word' id='word_1_344' title='bbox 296 2594 358 2625; x_wconf 78' lang='lat' dir='ltr'><strong>sub</strong></span> <span class='ocrx_word' id='word_1_345' title='bbox 376 2595 446 2635; x_wconf 76' lang='lat' dir='ltr'><strong>z&#39;ug.</strong></span> <span class='ocrx_word' id='word_1_346' title='bbox 466 2593 496 2633; x_wconf 89' lang='lat'><strong>2,</strong></span> <span class='ocrx_word' id='word_1_347' title='bbox 513 2592 567 2632; x_wconf 77' lang='grc'><strong>34,</strong></span> <span class='ocrx_word' id='word_1_348' title='bbox 586 2592 617 2624; x_wconf 88' lang='lat'><strong>9.</strong></span> <span class='ocrx_word' id='word_1_349' title='bbox 630 2592 745 2634; x_wconf 86' lang='lat' dir='ltr'><strong>—so-</strong></span> 
     </span>
     <span class='ocr_line' id='line_1_48' title="bbox 83 2637 745 2679; baseline -0.002 -10"><span class='ocrx_word' id='word_1_350' title='bbox 83 2640 150 2678; x_wconf 80' lang='lat' dir='ltr'><strong>ret,</strong></span> <span class='ocrx_word' id='word_1_351' title='bbox 174 2638 251 2670; x_wconf 87' lang='lat' dir='ltr'><strong>weil</strong></span> <span class='ocrx_word' id='word_1_352' title='bbox 268 2639 318 2670; x_wconf 88' lang='lat' dir='ltr'><strong>die</strong></span> <span class='ocrx_word' id='word_1_353' title='bbox 336 2638 444 2679; x_wconf 85' lang='lat' dir='ltr'><strong>Frage</strong></span> <span class='ocrx_word' id='word_1_354' title='bbox 469 2639 541 2670; x_wconf 85' lang='lat' dir='ltr'><strong>dem</strong></span> <span class='ocrx_word' id='word_1_355' title='bbox 558 2637 745 2669; x_wconf 82' lang='lat' dir='ltr'><strong>Relativum</strong></span> 
     </span>
    </p>
   </div>
   <div class='ocr_carea' id='block_1_5' title="bbox 818 1367 1492 2721">
    <p class='ocr_par' dir='ltr' id='par_1_7' title="bbox 819 1367 1492 1991">
     <span class='ocr_line' id='line_1_49' title="bbox 822 1367 1490 1411; baseline -0.007 -8"><span class='ocrx_word' id='word_1_356' title='bbox 822 1371 1086 1411; x_wconf 82' lang='lat' dir='ltr'><strong>untergeordnet</strong></span> <span class='ocrx_word' id='word_1_357' title='bbox 1102 1369 1156 1407; x_wconf 85' lang='lat' dir='ltr'><strong>ist,</strong></span> <span class='ocrx_word' id='word_1_358' title='bbox 1175 1368 1224 1399; x_wconf 85' lang='lat' dir='ltr'><strong>als</strong></span> <span class='ocrx_word' id='word_1_359' title='bbox 1244 1367 1283 1399; x_wconf 92' lang='lat' dir='ltr'><strong>ob</strong></span> <span class='ocrx_word' id='word_1_360' title='bbox 1303 1378 1338 1399; x_wconf 87' lang='lat' dir='ltr'><strong>es</strong></span> <span class='ocrx_word' id='word_1_361' title='bbox 1356 1377 1420 1410; x_wconf 85' lang='lat' dir='ltr'><strong>quo</strong></span> <span class='ocrx_word' id='word_1_362' title='bbox 1437 1368 1490 1399; x_wconf 72' lang='grc' dir='ltr'><strong>ηἰ-</strong></span> 
     </span>
     <span class='ocr_line' id='line_1_50' title="bbox 823 1412 1491 1456; baseline -0.006 -8"><span class='ocrx_word' id='word_1_363' title='bbox 823 1417 871 1448; x_wconf 76' lang='grc' dir='ltr'><strong>Ιιίί</strong></span> <span class='ocrx_word' id='word_1_364' title='bbox 892 1417 1023 1456; x_wconf 88' lang='lat' dir='ltr'><strong>hiesse,</strong></span> <span class='ocrx_word' id='word_1_365' title='bbox 1054 1415 1137 1446; x_wconf 89' lang='lat' dir='ltr'><strong>ohne</strong></span> <span class='ocrx_word' id='word_1_366' title='bbox 1161 1414 1214 1445; x_wconf 89' lang='lat' dir='ltr'><strong>die</strong></span> <span class='ocrx_word' id='word_1_367' title='bbox 1245 1413 1387 1445; x_wconf 83' lang='lat' dir='ltr'><strong>relative</strong></span> <span class='ocrx_word' id='word_1_368' title='bbox 1405 1412 1491 1445; x_wconf 79' lang='lat' dir='ltr'><strong>Ver-</strong></span> 
     </span>
     <span class='ocr_line' id='line_1_51' title="bbox 821 1459 1488 1502; baseline -0.007 -9"><span class='ocrx_word' id='word_1_369' title='bbox 821 1462 964 1502; x_wconf 85' lang='lat' dir='ltr'><strong>bindung</strong></span> <span class='ocrx_word' id='word_1_370' title='bbox 981 1461 1094 1492; x_wconf 86' lang='lat' dir='ltr'><strong>wiirde</strong></span> <span class='ocrx_word' id='word_1_371' title='bbox 1111 1469 1183 1491; x_wconf 88' lang='lat' dir='ltr'><strong>man</strong></span> <span class='ocrx_word' id='word_1_372' title='bbox 1201 1459 1286 1502; x_wconf 85' lang='lat' dir='ltr'><strong>sore</strong></span> <span class='ocrx_word' id='word_1_373' title='bbox 1310 1462 1488 1490; x_wconf 82' lang='lat' dir='ltr'><strong>erwarten.</strong></span> 
     </span>
     <span class='ocr_line' id='line_1_52' title="bbox 820 1502 1488 1551; baseline -0.01 -11"><span class='ocrx_word' id='word_1_374' title='bbox 820 1525 864 1530; x_wconf 86' lang='lat'><strong>-—</strong></span> <span class='ocrx_word' id='word_1_375' title='bbox 885 1509 1036 1551; x_wconf 73' lang='lat' dir='ltr'><strong>privato,</strong></span> <span class='ocrx_word' id='word_1_376' title='bbox 1067 1516 1093 1537; x_wconf 89' lang='lat' dir='ltr'><strong>s.</strong></span> <span class='ocrx_word' id='word_1_377' title='bbox 1119 1504 1185 1536; x_wconf 91' lang='lat' dir='ltr'><strong>Cic.</strong></span> <span class='ocrx_word' id='word_1_378' title='bbox 1217 1504 1326 1536; x_wconf 85' lang='lat' dir='ltr'><strong>Vatin.</strong></span> <span class='ocrx_word' id='word_1_379' title='bbox 1357 1504 1396 1543; x_wconf 86' lang='grc'><strong>9,</strong></span> <span class='ocrx_word' id='word_1_380' title='bbox 1426 1502 1488 1534; x_wconf 83' lang='lat'><strong>22:</strong></span> 
     </span>
     <span class='ocr_line' id='line_1_53' title="bbox 819 1548 1489 1591; baseline -0.007 -7"><span class='ocrx_word' id='word_1_381' title='bbox 819 1554 998 1584; x_wconf 72' lang='lat' dir='ltr'><strong>miserisne</strong></span> <span class='ocrx_word' id='word_1_382' title='bbox 1020 1553 1200 1589; x_wconf 70' lang='lat' dir='ltr'><strong>viatorem,</strong></span> <span class='ocrx_word' id='word_1_383' title='bbox 1230 1551 1287 1591; x_wconf 72' lang='lat' dir='ltr'><strong>qui</strong></span> <span class='ocrx_word' id='word_1_384' title='bbox 1308 1548 1354 1581; x_wconf 88' lang='lat' dir='ltr'><strong>M.</strong></span> <span class='ocrx_word' id='word_1_385' title='bbox 1380 1548 1489 1580; x_wconf 75' lang='lat' dir='ltr'><strong>Bibu-</strong></span> 
     </span>
     <span class='ocr_line' id='line_1_54' title="bbox 821 1593 1489 1636; baseline -0.009 -6"><span class='ocrx_word' id='word_1_386' title='bbox 821 1598 890 1630; x_wconf 79' lang='lat' dir='ltr'><strong>lum</strong></span> <span class='ocrx_word' id='word_1_387' title='bbox 905 1598 1002 1630; x_wconf 84' lang='lat' dir='ltr'><strong>domo</strong></span> <span class='ocrx_word' id='word_1_388' title='bbox 1016 1599 1047 1629; x_wconf 77' lang='lat' dir='ltr'><strong>vi</strong></span> <span class='ocrx_word' id='word_1_389' title='bbox 1059 1595 1266 1635; x_wconf 74' lang='lat' dir='ltr'><strong>extraheret,</strong></span> <span class='ocrx_word' id='word_1_390' title='bbox 1285 1597 1334 1635; x_wconf 78' lang='lat' dir='ltr'><strong>ut,</strong></span> <span class='ocrx_word' id='word_1_391' title='bbox 1353 1593 1442 1636; x_wconf 78' lang='lat' dir='ltr'><strong>quod</strong></span> <span class='ocrx_word' id='word_1_392' title='bbox 1454 1595 1489 1624; x_wconf 82' lang='lat' dir='ltr'><strong>in</strong></span> 
     </span>
     <span class='ocr_line' id='line_1_55' title="bbox 819 1638 1492 1687; baseline -0.007 -12"><span class='ocrx_word' id='word_1_393' title='bbox 819 1645 964 1687; x_wconf 70' lang='lat' dir='ltr'><strong>prii-atis</strong></span> <span class='ocrx_word' id='word_1_394' title='bbox 995 1651 1130 1684; x_wconf 80' lang='lat' dir='ltr'><strong>semper</strong></span> <span class='ocrx_word' id='word_1_395' title='bbox 1158 1643 1210 1672; x_wconf 77' lang='lat' dir='ltr'><strong>est</strong></span> <span class='ocrx_word' id='word_1_396' title='bbox 1237 1642 1427 1678; x_wconf 75' lang='lat' dir='ltr'><strong>servatam,</strong></span> <span class='ocrx_word' id='word_1_397' title='bbox 1455 1638 1492 1670; x_wconf 73' lang='lat' dir='ltr'><strong>id</strong></span> 
     </span>
     <span class='ocr_line' id='line_1_56' title="bbox 822 1685 1490 1731; baseline -0.007 -11"><span class='ocrx_word' id='word_1_398' title='bbox 822 1692 854 1720; x_wconf 78' lang='lat' dir='ltr'><strong>te</strong></span> <span class='ocrx_word' id='word_1_399' title='bbox 871 1690 1007 1720; x_wconf 79' lang='lat' dir='ltr'><strong>tribuno</strong></span> <span class='ocrx_word' id='word_1_400' title='bbox 1021 1686 1126 1731; x_wconf 72' lang='lat' dir='ltr'><strong>plebis</strong></span> <span class='ocrx_word' id='word_1_401' title='bbox 1139 1685 1270 1717; x_wconf 72' lang='lat' dir='ltr'><strong>consuli</strong></span> <span class='ocrx_word' id='word_1_402' title='bbox 1281 1685 1402 1716; x_wconf 80' lang='lat' dir='ltr'><strong>domus</strong></span> <span class='ocrx_word' id='word_1_403' title='bbox 1417 1686 1490 1716; x_wconf 60' lang='grc' dir='ltr'><strong>επί-</strong></span> 
     </span>
     <span class='ocr_line' id='line_1_57' title="bbox 820 1729 1488 1775; baseline -0.009 -9"><span class='ocrx_word' id='word_1_404' title='bbox 820 1733 902 1766; x_wconf 77' lang='lat' dir='ltr'><strong>lz&#39;um</strong></span> <span class='ocrx_word' id='word_1_405' title='bbox 916 1744 991 1765; x_wconf 75' lang='lat' dir='ltr'><strong>esse</strong></span> <span class='ocrx_word' id='word_1_406' title='bbox 1006 1743 1073 1764; x_wconf 81' lang='lat' dir='ltr'><strong>non</strong></span> <span class='ocrx_word' id='word_1_407' title='bbox 1086 1733 1214 1775; x_wconf 77' lang='lat' dir='ltr'><strong>posset.</strong></span> <span class='ocrx_word' id='word_1_408' title='bbox 1229 1749 1273 1753; x_wconf 91' lang='lat'><strong>—-</strong></span> <span class='ocrx_word' id='word_1_409' title='bbox 1290 1729 1488 1769; x_wconf 79' lang='lat' dir='ltr'><strong>Tubertum,</strong></span> 
     </span>
     <span class='ocr_line' id='line_1_58' title="bbox 822 1775 1488 1818; baseline -0.008 -8"><span class='ocrx_word' id='word_1_410' title='bbox 822 1790 850 1810; x_wconf 90' lang='lat' dir='ltr'><strong>c.</strong></span> <span class='ocrx_word' id='word_1_411' title='bbox 870 1778 930 1818; x_wconf 80' lang='lat'><strong>233</strong></span> <span class='ocrx_word' id='word_1_412' title='bbox 956 1788 994 1810; x_wconf 86' lang='lat' dir='ltr'><strong>er</strong></span> <span class='ocrx_word' id='word_1_413' title='bbox 1016 1778 1061 1808; x_wconf 88' lang='lat' dir='ltr'><strong>ist</strong></span> <span class='ocrx_word' id='word_1_414' title='bbox 1079 1777 1160 1808; x_wconf 88' lang='lat' dir='ltr'><strong>noch</strong></span> <span class='ocrx_word' id='word_1_415' title='bbox 1179 1776 1268 1807; x_wconf 84' lang='lat' dir='ltr'><strong>nicht</strong></span> <span class='ocrx_word' id='word_1_416' title='bbox 1286 1775 1409 1806; x_wconf 93' lang='lat' dir='ltr'><strong>Consul</strong></span> <span class='ocrx_word' id='word_1_417' title='bbox 1428 1785 1488 1814; x_wconf 84' lang='lat' dir='ltr'><strong>ge-</strong></span> 
     </span>
     <span class='ocr_line' id='line_1_59' title="bbox 821 1820 1491 1864; baseline -0.007 -9"><span class='ocrx_word' id='word_1_418' title='bbox 821 1834 951 1864; x_wconf 89' lang='lat' dir='ltr'><strong>wesen,</strong></span> <span class='ocrx_word' id='word_1_419' title='bbox 975 1834 1002 1854; x_wconf 87' lang='lat' dir='ltr'><strong>s.</strong></span> <span class='ocrx_word' id='word_1_420' title='bbox 1021 1822 1059 1863; x_wconf 86' lang='lat'><strong>2,</strong></span> <span class='ocrx_word' id='word_1_421' title='bbox 1080 1821 1136 1861; x_wconf 89' lang='grc'><strong>18,</strong></span> <span class='ocrx_word' id='word_1_422' title='bbox 1162 1822 1192 1852; x_wconf 81' lang='lat'><strong>5.</strong></span> <span class='ocrx_word' id='word_1_423' title='bbox 1225 1821 1318 1852; x_wconf 87' lang='lat' dir='ltr'><strong>Diod.</strong></span> <span class='ocrx_word' id='word_1_424' title='bbox 1337 1820 1491 1851; x_wconf 68' lang='lat' dir='ltr'><strong>erwiihnt</strong></span> 
     </span>
     <span class='ocr_line' id='line_1_60' title="bbox 821 1864 1490 1900; baseline -0.007 0"><span class='ocrx_word' id='word_1_425' title='bbox 821 1870 873 1900; x_wconf 92' lang='lat' dir='ltr'><strong>die</strong></span> <span class='ocrx_word' id='word_1_426' title='bbox 892 1868 993 1900; x_wconf 85' lang='lat' dir='ltr'><strong>Wahl</strong></span> <span class='ocrx_word' id='word_1_427' title='bbox 1017 1868 1069 1898; x_wconf 84' lang='lat' dir='ltr'><strong>ein</strong></span> <span class='ocrx_word' id='word_1_428' title='bbox 1088 1867 1168 1898; x_wconf 86' lang='lat' dir='ltr'><strong>Jahr</strong></span> <span class='ocrx_word' id='word_1_429' title='bbox 1191 1865 1317 1897; x_wconf 84' lang='lat' dir='ltr'><strong>friiher.</strong></span> <span class='ocrx_word' id='word_1_430' title='bbox 1334 1884 1378 1888; x_wconf 81' lang='lat'>-</span> <span class='ocrx_word' id='word_1_431' title='bbox 1395 1875 1437 1896; x_wconf 80' lang='lat' dir='ltr'><strong>ne</strong></span> <span class='ocrx_word' id='word_1_432' title='bbox 1453 1864 1490 1896; x_wconf 74' lang='lat' dir='ltr'><strong>id</strong></span> 
     </span>
     <span class='ocr_line' id='line_1_61' title="bbox 821 1908 1489 1956; baseline -0.009 -10"><span class='ocrx_word' id='word_1_433' title='bbox 821 1926 867 1956; x_wconf 88' lang='lat' dir='ltr'><strong>q.,</strong></span> <span class='ocrx_word' id='word_1_434' title='bbox 899 1914 1010 1945; x_wconf 89' lang='lat' dir='ltr'><strong>indess</strong></span> <span class='ocrx_word' id='word_1_435' title='bbox 1039 1922 1111 1943; x_wconf 86' lang='lat' dir='ltr'><strong>war</strong></span> <span class='ocrx_word' id='word_1_436' title='bbox 1139 1912 1197 1943; x_wconf 88' lang='lat' dir='ltr'><strong>das</strong></span> <span class='ocrx_word' id='word_1_437' title='bbox 1222 1911 1310 1942; x_wconf 87' lang='lat' dir='ltr'><strong>Loos</strong></span> <span class='ocrx_word' id='word_1_438' title='bbox 1335 1911 1393 1942; x_wconf 89' lang='lat' dir='ltr'><strong>das</strong></span> <span class='ocrx_word' id='word_1_439' title='bbox 1421 1908 1489 1941; x_wconf 89' lang='lat' dir='ltr'><strong>Ge-</strong></span> 
     </span>
     <span class='ocr_line' id='line_1_62' title="bbox 821 1955 1360 1991; baseline -0.009 0"><span class='ocrx_word' id='word_1_440' title='bbox 821 1959 1007 1991; x_wconf 68' lang='lat' dir='ltr'><strong>wiihnliche</strong></span> <span class='ocrx_word' id='word_1_441' title='bbox 1026 1958 1056 1989; x_wconf 89' lang='lat' dir='ltr'><strong>in</strong></span> <span class='ocrx_word' id='word_1_442' title='bbox 1076 1957 1212 1988; x_wconf 85' lang='lat' dir='ltr'><strong>solchen</strong></span> <span class='ocrx_word' id='word_1_443' title='bbox 1231 1955 1360 1987; x_wconf 80' lang='lat' dir='ltr'><strong>Fa&#39;llen.</strong></span> 
     </span>
    </p>

    <p class='ocr_par' dir='ltr' id='par_1_8' title="bbox 818 2001 1488 2679">
     <span class='ocr_line' id='line_1_63' title="bbox 869 2001 1488 2041; baseline -0.006 -6"><span class='ocrx_word' id='word_1_444' title='bbox 869 2004 919 2035; x_wconf 83' lang='lat'><strong>12.</strong></span> <span class='ocrx_word' id='word_1_445' title='bbox 942 2003 1109 2041; x_wconf 76' lang='lat' dir='ltr'><strong>et=auch;</strong></span> <span class='ocrx_word' id='word_1_446' title='bbox 1130 2002 1180 2033; x_wconf 86' lang='lat' dir='ltr'><strong>die</strong></span> <span class='ocrx_word' id='word_1_447' title='bbox 1194 2001 1411 2040; x_wconf 83' lang='lat' dir='ltr'><strong>Verbindung</strong></span> <span class='ocrx_word' id='word_1_448' title='bbox 1423 2010 1488 2032; x_wconf 86' lang='lat' dir='ltr'><strong>von</strong></span> 
     </span>
     <span class='ocr_line' id='line_1_64' title="bbox 819 2046 1488 2092; baseline -0.009 -11"><span class='ocrx_word' id='word_1_449' title='bbox 819 2060 925 2092; x_wconf 81' lang='lat' dir='ltr'><strong>neque</strong></span> <span class='ocrx_word' id='word_1_450' title='bbox 940 2068 963 2072; x_wconf 94' lang='lat'>—</span> <span class='ocrx_word' id='word_1_451' title='bbox 979 2050 1038 2090; x_wconf 75' lang='lat' dir='ltr'><strong>agi</strong></span> <span class='ocrx_word' id='word_1_452' title='bbox 1061 2049 1121 2079; x_wconf 87' lang='lat' dir='ltr'><strong>mit</strong></span> <span class='ocrx_word' id='word_1_453' title='bbox 1150 2046 1279 2078; x_wconf 79' lang='lat' dir='ltr'><strong>edicere</strong></span> <span class='ocrx_word' id='word_1_454' title='bbox 1305 2046 1395 2077; x_wconf 78' lang='lat' dir='ltr'><strong>w&#39;are</strong></span> <span class='ocrx_word' id='word_1_455' title='bbox 1418 2055 1488 2076; x_wconf 86' lang='lat' dir='ltr'><strong>we-</strong></span> 
     </span>
     <span class='ocr_line' id='line_1_65' title="bbox 821 2092 1487 2136; baseline -0.008 -10"><span class='ocrx_word' id='word_1_456' title='bbox 821 2096 917 2135; x_wconf 87' lang='lat' dir='ltr'><strong>niger</strong></span> <span class='ocrx_word' id='word_1_457' title='bbox 941 2093 1100 2136; x_wconf 87' lang='lat' dir='ltr'><strong>passend,</strong></span> <span class='ocrx_word' id='word_1_458' title='bbox 1130 2093 1171 2124; x_wconf 85' lang='lat' dir='ltr'><strong>da</strong></span> <span class='ocrx_word' id='word_1_459' title='bbox 1200 2093 1284 2123; x_wconf 83' lang='lat' dir='ltr'><strong>dann</strong></span> <span class='ocrx_word' id='word_1_460' title='bbox 1309 2094 1350 2122; x_wconf 84' lang='lat' dir='ltr'><strong>ut</strong></span> <span class='ocrx_word' id='word_1_461' title='bbox 1371 2092 1487 2123; x_wconf 87' lang='lat' dir='ltr'><strong>stehen</strong></span> 
     </span>
     <span class='ocr_line' id='line_1_66' title="bbox 819 2135 1488 2178; baseline -0.009 -6"><span class='ocrx_word' id='word_1_462' title='bbox 819 2141 952 2175; x_wconf 70' lang='lat' dir='ltr'><strong>wiirde3</strong></span> <span class='ocrx_word' id='word_1_463' title='bbox 971 2140 1092 2170; x_wconf 86' lang='lat' dir='ltr'><strong>anders</strong></span> <span class='ocrx_word' id='word_1_464' title='bbox 1110 2138 1154 2169; x_wconf 88' lang='lat' dir='ltr'><strong>ist</strong></span> <span class='ocrx_word' id='word_1_465' title='bbox 1173 2148 1198 2168; x_wconf 86' lang='lat' dir='ltr'><strong>c.</strong></span> <span class='ocrx_word' id='word_1_466' title='bbox 1218 2137 1271 2174; x_wconf 83' lang='lat'><strong>49,</strong></span> <span class='ocrx_word' id='word_1_467' title='bbox 1298 2136 1335 2171; x_wconf 82' lang='grc'><strong>9;</strong></span> <span class='ocrx_word' id='word_1_468' title='bbox 1361 2136 1414 2178; x_wconf 84' lang='grc'><strong>26,</strong></span> <span class='ocrx_word' id='word_1_469' title='bbox 1434 2135 1488 2177; x_wconf 86' lang='grc'><strong>26,</strong></span> 
     </span>
     <span class='ocr_line' id='line_1_67' title="bbox 821 2181 1488 2227; baseline -0.009 -10"><span class='ocrx_word' id='word_1_470' title='bbox 821 2186 855 2217; x_wconf 84' lang='lat'><strong>1:</strong></span> <span class='ocrx_word' id='word_1_471' title='bbox 888 2196 924 2217; x_wconf 85' lang='lat' dir='ltr'><strong>se</strong></span> <span class='ocrx_word' id='word_1_472' title='bbox 954 2186 1144 2227; x_wconf 76' lang='lat' dir='ltr'><strong>petiturum</strong></span> <span class='ocrx_word' id='word_1_473' title='bbox 1177 2182 1300 2219; x_wconf 54' lang='lat' dir='ltr'><strong>odiam</strong></span> <span class='ocrx_word' id='word_1_474' title='bbox 1334 2181 1393 2221; x_wconf 88' lang='lat'><strong>21,</strong></span> <span class='ocrx_word' id='word_1_475' title='bbox 1435 2181 1488 2221; x_wconf 85' lang='lat'><strong>11,</strong></span> 
     </span>
     <span class='ocr_line' id='line_1_68' title="bbox 818 2227 1486 2270; baseline -0.006 -9"><span class='ocrx_word' id='word_1_476' title='bbox 818 2231 850 2262; x_wconf 83' lang='lat'><strong>4.</strong></span> <span class='ocrx_word' id='word_1_477' title='bbox 873 2248 918 2254; x_wconf 87' lang='lat'><strong>—-</strong></span> <span class='ocrx_word' id='word_1_478' title='bbox 935 2230 1081 2262; x_wconf 77' lang='lat' dir='ltr'><strong>edicitur</strong></span> <span class='ocrx_word' id='word_1_479' title='bbox 1097 2247 1118 2251; x_wconf 73' lang='lat'>—</span> <span class='ocrx_word' id='word_1_480' title='bbox 1135 2229 1195 2270; x_wconf 76' lang='lat' dir='ltr'><strong>agi</strong></span> <span class='ocrx_word' id='word_1_481' title='bbox 1210 2247 1231 2250; x_wconf 86' lang='lat'><strong>—</strong></span> <span class='ocrx_word' id='word_1_482' title='bbox 1248 2227 1429 2268; x_wconf 61' lang='lat' dir='ltr'><strong>dtjffertur’,</strong></span> <span class='ocrx_word' id='word_1_483' title='bbox 1461 2236 1486 2257; x_wconf 88' lang='lat' dir='ltr'><strong>s.</strong></span> 
     </span>
     <span class='ocr_line' id='line_1_69' title="bbox 818 2275 1486 2317; baseline -0.007 -10"><span class='ocrx_word' id='word_1_484' title='bbox 818 2276 850 2315; x_wconf 87' lang='lat'><strong>2,</strong></span> <span class='ocrx_word' id='word_1_485' title='bbox 868 2276 922 2316; x_wconf 80' lang='lat'><strong>45,</strong></span> <span class='ocrx_word' id='word_1_486' title='bbox 945 2275 1000 2306; x_wconf 87' lang='lat'><strong>10:</strong></span> <span class='ocrx_word' id='word_1_487' title='bbox 1021 2276 1395 2317; x_wconf 76' lang='lat' dir='ltr'><strong>oppugnant—posse—</strong></span> <span class='ocrx_word' id='word_1_488' title='bbox 1408 2281 1486 2303; x_wconf 79' lang='lat' dir='ltr'><strong>cur-</strong></span> 
     </span>
     <span class='ocr_line' id='line_1_70' title="bbox 819 2316 1484 2362; baseline -0.009 -9"><span class='ocrx_word' id='word_1_489' title='bbox 819 2323 917 2362; x_wconf 74' lang='lat' dir='ltr'><strong>ritur,</strong></span> <span class='ocrx_word' id='word_1_490' title='bbox 936 2332 976 2352; x_wconf 92' lang='lat' dir='ltr'><strong>zu</strong></span> <span class='ocrx_word' id='word_1_491' title='bbox 991 2321 1020 2358; x_wconf 86' lang='lat'><strong>5,</strong></span> <span class='ocrx_word' id='word_1_492' title='bbox 1040 2319 1091 2360; x_wconf 89' lang='grc'><strong>39,</strong></span> <span class='ocrx_word' id='word_1_493' title='bbox 1113 2319 1194 2349; x_wconf 85' lang='grc'><strong>1.-</strong></span> <span class='ocrx_word' id='word_1_494' title='bbox 1207 2328 1311 2358; x_wconf 79' lang='lat' dir='ltr'><strong>neque</strong></span> <span class='ocrx_word' id='word_1_495' title='bbox 1327 2318 1399 2358; x_wconf 75' lang='lat' dir='ltr'><strong>agi,</strong></span> <span class='ocrx_word' id='word_1_496' title='bbox 1417 2316 1484 2356; x_wconf 83' lang='lat' dir='ltr'><strong>vgl.</strong></span> 
     </span>
     <span class='ocr_line' id='line_1_71' title="bbox 818 2361 1485 2407; baseline -0.009 -9"><span class='ocrx_word' id='word_1_497' title='bbox 818 2366 873 2407; x_wconf 83' lang='lat'><strong>41,</strong></span> <span class='ocrx_word' id='word_1_498' title='bbox 892 2365 945 2406; x_wconf 89' lang='grc'><strong>23,</strong></span> <span class='ocrx_word' id='word_1_499' title='bbox 968 2365 1019 2397; x_wconf 90' lang='lat'><strong>12:</strong></span> <span class='ocrx_word' id='word_1_500' title='bbox 1039 2364 1091 2405; x_wconf 80' lang='lat'><strong>34,</strong></span> <span class='ocrx_word' id='word_1_501' title='bbox 1109 2363 1140 2403; x_wconf 90' lang='grc'><strong>2,</strong></span> <span class='ocrx_word' id='word_1_502' title='bbox 1162 2363 1214 2401; x_wconf 79' lang='lat'><strong>123</strong></span> <span class='ocrx_word' id='word_1_503' title='bbox 1235 2362 1366 2393; x_wconf 86' lang='lat' dir='ltr'><strong>Cornel.</strong></span> <span class='ocrx_word' id='word_1_504' title='bbox 1381 2361 1485 2392; x_wconf 87' lang='lat' dir='ltr'><strong>Hann.</strong></span> 
     </span>
     <span class='ocr_line' id='line_1_72' title="bbox 822 2406 1484 2451; baseline -0.009 -8"><span class='ocrx_word' id='word_1_505' title='bbox 822 2412 873 2451; x_wconf 86' lang='lat'><strong>10,</strong></span> <span class='ocrx_word' id='word_1_506' title='bbox 894 2411 930 2450; x_wconf 83' lang='lat'><strong>13</strong></span> <span class='ocrx_word' id='word_1_507' title='bbox 950 2411 1072 2442; x_wconf 82' lang='lat' dir='ltr'><strong>ebenso</strong></span> <span class='ocrx_word' id='word_1_508' title='bbox 1084 2409 1200 2440; x_wconf 86' lang='lat' dir='ltr'><strong>Cicero</strong></span> <span class='ocrx_word' id='word_1_509' title='bbox 1219 2407 1270 2438; x_wconf 87' lang='lat' dir='ltr'><strong>bei</strong></span> <span class='ocrx_word' id='word_1_510' title='bbox 1287 2408 1365 2445; x_wconf 73' lang='lat' dir='ltr'><strong>nisi,</strong></span> <span class='ocrx_word' id='word_1_511' title='bbox 1385 2406 1484 2438; x_wconf 89' lang='lat' dir='ltr'><strong>Verr.</strong></span> 
     </span>
     <span class='ocr_line' id='line_1_73' title="bbox 820 2452 1485 2497; baseline -0.009 -9"><span class='ocrx_word' id='word_1_512' title='bbox 820 2457 857 2497; x_wconf 85' lang='lat'><strong>5,</strong></span> <span class='ocrx_word' id='word_1_513' title='bbox 891 2456 949 2494; x_wconf 88' lang='lat'><strong>39,</strong></span> <span class='ocrx_word' id='word_1_514' title='bbox 989 2456 1067 2487; x_wconf 82' lang='lat'><strong>101:</strong></span> <span class='ocrx_word' id='word_1_515' title='bbox 1097 2453 1181 2485; x_wconf 72' lang='lat' dir='ltr'><strong>nihil</strong></span> <span class='ocrx_word' id='word_1_516' title='bbox 1207 2454 1267 2493; x_wconf 71' lang='lat' dir='ltr'><strong>agi</strong></span> <span class='ocrx_word' id='word_1_517' title='bbox 1287 2471 1308 2474; x_wconf 91' lang='lat'>-</span> <span class='ocrx_word' id='word_1_518' title='bbox 1331 2453 1398 2483; x_wconf 76' lang='lat' dir='ltr'><strong>nisi</strong></span> <span class='ocrx_word' id='word_1_519' title='bbox 1423 2452 1485 2483; x_wconf 79' lang='lat' dir='ltr'><strong>lzoc</strong></span> 
     </span>
     <span class='ocr_line' id='line_1_74' title="bbox 819 2496 1484 2544; baseline -0.012 -10"><span class='ocrx_word' id='word_1_520' title='bbox 819 2504 953 2544; x_wconf 69' lang='lat' dir='ltr'><strong>quaeri,</strong></span> <span class='ocrx_word' id='word_1_521' title='bbox 974 2502 1014 2532; x_wconf 93' lang='lat' dir='ltr'><strong>ib.</strong></span> <span class='ocrx_word' id='word_1_522' title='bbox 1035 2500 1089 2539; x_wconf 78' lang='lat'><strong>22,</strong></span> <span class='ocrx_word' id='word_1_523' title='bbox 1109 2499 1169 2537; x_wconf 72' lang='lat'><strong>583</strong></span> <span class='ocrx_word' id='word_1_524' title='bbox 1189 2498 1271 2529; x_wconf 83' lang='lat' dir='ltr'><strong>Phil.</strong></span> <span class='ocrx_word' id='word_1_525' title='bbox 1292 2498 1322 2535; x_wconf 83' lang='lat'><strong>5,</strong></span> <span class='ocrx_word' id='word_1_526' title='bbox 1342 2497 1372 2537; x_wconf 79' lang='grc'><strong>8,</strong></span> <span class='ocrx_word' id='word_1_527' title='bbox 1391 2496 1433 2526; x_wconf 88' lang='grc'><strong>23</strong></span> <span class='ocrx_word' id='word_1_528' title='bbox 1452 2507 1484 2527; x_wconf 93' lang='lat' dir='ltr'><strong>u.</strong></span> 
     </span>
     <span class='ocr_line' id='line_1_75' title="bbox 818 2543 1483 2587; baseline -0.012 -8"><span class='ocrx_word' id='word_1_529' title='bbox 818 2558 860 2587; x_wconf 85' lang='lat' dir='ltr'><strong>a.,</strong></span> <span class='ocrx_word' id='word_1_530' title='bbox 879 2547 1027 2586; x_wconf 74' lang='lat' dir='ltr'><strong>hiiuflger</strong></span> <span class='ocrx_word' id='word_1_531' title='bbox 1041 2546 1126 2576; x_wconf 72' lang='lat' dir='ltr'><strong>liisst</strong></span> <span class='ocrx_word' id='word_1_532' title='bbox 1140 2543 1175 2574; x_wconf 92' lang='lat' dir='ltr'><strong>L.</strong></span> <span class='ocrx_word' id='word_1_533' title='bbox 1191 2552 1296 2584; x_wconf 79' lang='lat' dir='ltr'><strong>agere</strong></span> <span class='ocrx_word' id='word_1_534' title='bbox 1308 2552 1393 2581; x_wconf 72' lang='lat' dir='ltr'><strong>weg,</strong></span> <span class='ocrx_word' id='word_1_535' title='bbox 1413 2552 1439 2572; x_wconf 87' lang='lat' dir='ltr'><strong>s.</strong></span> <span class='ocrx_word' id='word_1_536' title='bbox 1456 2552 1483 2572; x_wconf 88' lang='lat' dir='ltr'><strong>c.</strong></span> 
     </span>
     <span class='ocr_line' id='line_1_76' title="bbox 819 2588 1487 2633; baseline -0.01 -9"><span class='ocrx_word' id='word_1_537' title='bbox 819 2592 848 2633; x_wconf 87' lang='lat'><strong>3,</strong></span> <span class='ocrx_word' id='word_1_538' title='bbox 863 2592 893 2631; x_wconf 90' lang='lat'><strong>3,</strong></span> <span class='ocrx_word' id='word_1_539' title='bbox 908 2603 948 2623; x_wconf 88' lang='lat' dir='ltr'><strong>zu</strong></span> <span class='ocrx_word' id='word_1_540' title='bbox 963 2591 1015 2629; x_wconf 88' lang='lat'><strong>31,</strong></span> <span class='ocrx_word' id='word_1_541' title='bbox 1031 2590 1083 2628; x_wconf 68' lang='lat'><strong>24,</strong></span> <span class='ocrx_word' id='word_1_542' title='bbox 1097 2589 1127 2628; x_wconf 88' lang='grc'><strong>3,</strong></span> <span class='ocrx_word' id='word_1_543' title='bbox 1143 2589 1223 2619; x_wconf 88' lang='lat' dir='ltr'><strong>oder</strong></span> <span class='ocrx_word' id='word_1_544' title='bbox 1236 2588 1316 2618; x_wconf 84' lang='lat' dir='ltr'><strong>auch</strong></span> <span class='ocrx_word' id='word_1_545' title='bbox 1333 2597 1433 2629; x_wconf 80' lang='lat' dir='ltr'><strong>quam</strong></span> <span class='ocrx_word' id='word_1_546' title='bbox 1446 2589 1487 2618; x_wconf 78' lang='lat' dir='ltr'><strong>ut</strong></span> 
     </span>
     <span class='ocr_line' id='line_1_77' title="bbox 818 2633 1485 2679; baseline -0.009 -10"><span class='ocrx_word' id='word_1_547' title='bbox 818 2635 941 2679; x_wconf 82' lang='lat' dir='ltr'><strong>folgen,</strong></span> <span class='ocrx_word' id='word_1_548' title='bbox 961 2647 987 2668; x_wconf 90' lang='lat' dir='ltr'><strong>s.</strong></span> <span class='ocrx_word' id='word_1_549' title='bbox 1002 2636 1056 2676; x_wconf 76' lang='lat'><strong>44,</strong></span> <span class='ocrx_word' id='word_1_550' title='bbox 1071 2634 1123 2676; x_wconf 83' lang='grc'><strong>27,</strong></span> <span class='ocrx_word' id='word_1_551' title='bbox 1143 2633 1485 2676; x_wconf 74' lang='lat' dir='ltr'><strong>12.—agc&#39;—appar.,</strong></span> 
     </span>
    </p>

    <p class='ocr_par' dir='ltr' id='par_1_9' title="bbox 1152 2688 1218 2721">
     <span class='ocr_line' id='line_1_78' title="bbox 1152 2688 1218 2721; baseline -0.015 0"><span class='ocrx_word' id='word_1_552' title='bbox 1152 2688 1191 2721; x_wconf 91' lang='lat'><strong>13</strong></span> <span class='ocrx_word' id='word_1_553' title='bbox 1204 2689 1218 2704; x_wconf 80' lang='grc'><em>*</em></span> 
     </span>
    </p>
   </div>
   <div class='ocr_carea' id='block_1_6' title="bbox 1413 207 1510 259">
    <p class='ocr_par' dir='ltr' id='par_1_10' title="bbox 1413 207 1510 259">
     <span class='ocr_line' id='line_1_79' title="bbox 1413 207 1510 259; baseline 0 -13"><span class='ocrx_word' id='word_1_554' title='bbox 1413 207 1510 259; x_wconf 66' lang='grc' dir='ltr'><strong>195Δ</strong></span> 
     </span>
    </p>
   </div>
   <div class='ocr_carea' id='block_1_7' title="bbox 1519 1045 1557 1077">
    <p class='ocr_par' dir='ltr' id='par_1_11' title="bbox 1519 1045 1557 1077">
     <span class='ocr_line' id='line_1_80' title="bbox 1519 1045 1557 1077; baseline 0 0"><span class='ocrx_word' id='word_1_555' title='bbox 1519 1045 1557 1077; x_wconf 91' lang='grc'><strong>11</strong></span> 
     </span>
    </p>
   </div>
   <div class='ocr_carea' id='block_1_8' title="bbox 1521 1217 1561 1248">
    <p class='ocr_par' dir='ltr' id='par_1_12' title="bbox 1521 1217 1561 1248">
     <span class='ocr_line' id='line_1_81' title="bbox 1521 1217 1561 1248; baseline 0 0"><span class='ocrx_word' id='word_1_556' title='bbox 1521 1217 1561 1248; x_wconf 85' lang='grc'><strong>12</strong></span> 
     </span>
    </p>
   </div>
  </div>
 </body>
</html>
