1698 2864
172 137 254 177 276
655 131 780 165 LIBER
797 131 835 165 11.
876 131 966 166 CAP.
980 133 1035 165 27.
1055 131 1106 164 28.

1435 148 1459 166 a
1479 148 1507 166 u.
1527 141 1586 168 260·

169 251 266 291 pum
287 250 402 289 quam
425 236 561 289 populi
582 235 774 275 clamore:
797 234 891 274 adeo
913 240 1144 286 supererant
1163 237 1284 277 animi
1306 237 1353 278 ad
1375 235 1581 275 sustinen-

102 303 143 336 13
170 296 257 335 dam
290 294 490 334 invidiam.
543 305 717 333 crescere
748 292 840 331 inde
872 292 1017 330 malum
1049 291 1090 330 in
1121 292 1204 332 dies
1235 307 1315 334 non
1348 292 1587 332 clamoribus

168 351 287 391 modo
308 351 454 402 apertis
476 350 558 396 sed,
582 349 686 401 quod
710 348 832 387 multo
855 348 1114 399 perniciosius
1137 356 1238 398 erat,
1265 350 1488 391 secessione
1520 360 1589 387 oc-

169 408 362 459 cultisque
397 407 633 459 conloquiis.
683 405 844 444 tandem
875 404 989 443 invisi
1021 405 1123 455 plebi
1153 409 1336 447 consules
1359 406 1589 458 magistratu

172 465 333 512 abeunt,
357 464 544 504 Servilius
564 461 732 506 neutris,
754 461 903 512 Appius
925 462 1101 515 patribus
1124 463 1221 502 mire
1242 472 1388 514 gratus

95 525 150 561 28
286 525 329 559 A.
361 520 566 572 Verginius
596 519 688 557 inde
717 523 756 557 et
780 517 822 555 T.
847 518 1029 558 Vetusius
1052 520 1296 560 consulatum
1319 522 1470 560 ineunt.
1502 524 1588 561 tum

171 590 265 618 vero
285 577 395 629 plebs
411 578 570 622 incerta,
589 576 722 627 quales
739 574 918 614 habitura
937 575 1120 616 consules
1137 583 1255 622 esset,
1273 583 1408 617 coetus
1427 581 1589 616 noctur-

172 647 256 678 nos,
276 647 366 686 pars
384 633 579 685 Esquiliis,
599 631 740 683 parsin
752 631 959 676 Aventino,
978 632 1119 679 facere,
1139 645 1188 672 ne
1201 634 1238 672 111
1255 635 1340 672 foro
1354 629 1493 673 subitis
1509 638 1588 672 tre-

124 696 144 728 2
169 692 325 744 pidaret
361 690 533 730 consiliis
563 694 602 727 et
631 688 764 727 omnia
786 694 936 727 temere
959 701 1003 727 ac
1020 689 1184 728 fortuito
1208 696 1350 741 ageret.
1394 702 1480 728 eam
1503 702 1589 729 rem

170 749 354 788 consules
375 748 461 793 rati,
484 752 526 785 ut
547 750 641 789 erat,
664 744 926 796 perniciosam
950 746 997 784 ad
1019 752 1148 796 patres
1172 747 1368 792 deferunt,
1391 747 1458 785 sed
1482 747 1588 786 dela—

171 810 250 844 tam
282 805 486 843 consulere
519 802 657 841 ordine
688 814 768 840 non
796 801 922 840 licuit:
954 802 1050 840 adeo
1080 805 1323 842 tumultuose
1351 808 1508 854 excepta
1531 808 1590 842 est

171 860 411 901 clamoribus
441 859 615 910 undique
648 863 687 897 et
720 858 989 908 indignatione
1021 866 1198 909 patrum,
1222 860 1274 906 si,
1297 861 1401 912 quod
1424 860 1588 911 imperio

170 917 364 957 consulari
386 916 683 968 exsequendum
700 920 813 960 esset,
837 914 1020 954 invidiam
1041 915 1123 954 eius
1143 916 1324 955 consules
1341 917 1387 956 ad
1407 922 1590 956 senatum

122 981 147 1013 3
167 975 374 1014 reicerent.
418 974 609 1025 profecto,
632 972 662 1010 si
687 977 818 1011 essent
839 971 879 1009 in
902 984 946 1010 re
966 972 1120 1023 publica
1144 973 1412 1023 magistratus,
1434 974 1587 1012 nullum

121 1037 144 1068 4
168 1031 347 1070 futurum
381 1030 503 1069 fuisse
530 1030 676 1068 Romae
706 1029 779 1067 nisi
811 1028 1009 1079 publicum
1041 1030 1273 1077 concilium,
1295 1030 1464 1069 nuncin
1483 1030 1588 1068 mille

172 1088 303 1127 curias
320 1093 619 1137 contionesque,
638 1098 723 1125 cum
744 1085 815 1124 alia
835 1085 901 1135 [in]
918 1085 1115 1137 Esquiliis,
1133 1087 1205 1125 alia
1224 1087 1264 1124 in
1283 1087 1476 1126 Aventino
1494 1088 1591 1125 liant

172 1144 335 1183 concilia
358 1144 575 1195 dispersam
600 1148 638 1181 et
660 1142 888 1193 dissipatam
907 1155 993 1181 esse
1012 1155 1092 1180 rem
1112 1143 1322 1194 publicam.
1356 1156 1476 1182 unuin
1497 1144 1588 1182 her-

172 1202 257 1240 cule
279 1201 403 1239 virum
427 1224 480 1227 —
504 1200 539 1238 id
564 1200 667 1238 enim
695 1200 778 1249 plus
801 1211 888 1238 esse
911 1212 1025 1250 quam
1050 1202 1252 1238 consulem
1275 1225 1339 1245 ——,
1363 1200 1486 1251 qualis
1511 1203 1593 1250 Ap-

171 1257 260 1309 pius
283 1257 463 1296 Claudius
485 1257 617 1301 fuerit,
636 1260 840 1294 momento
869 1256 1062 1306 temporis
1085 1256 1354 1295 discussurum
1388 1257 1473 1295 illos
1496 1268 1589 1295 coe-

125 1325 144 1356 5
172 1320 235 1353 tus
263 1313 398 1352 fuisse.
441 1313 610 1364 correpti
632 1316 814 1351 consules
837 1325 924 1351 cum
939 1343 947 1359 ,
983 1312 1074 1363 quid
1107 1325 1200 1363 ergo
1223 1325 1264 1352 se
1286 1313 1412 1352 facere
1435 1313 1578 1352 vellent

923 1392 974 1430 14,
999 1392 1035 1430 33
1062 1391 1130 1422 Cic.
1150 1391 1220 1423 Att.
1244 1393 1270 1431 1,
1298 1392 1348 1434 16,
1374 1393 1403 1423 5.
1445 1364 1591 1424 delatum⁷

920 1437 1001 1468 nach
1018 1436 1178 1478 deferunt
1205 1447 1231 1468 s.
1263 1437 1290 1475 l,
1318 1438 1347 1474 5,
1376 1437 1406 1469 3.
1440 1455 1476 1459 -—
1515 1447 1594 1469 con·

919 1482 1038 1519 sulere,
1064 1483 1106 1513 da
1131 1493 1165 1513 es
1191 1483 1273 1513 auch
1299 1482 1354 1514 die
1381 1482 1502 1514 relatio
1522 1493 1592 1514 um-

170 1395 383 1437 supererant,
407 1403 479 1425 war
503 1392 544 1423 im
564 1391 777 1425 Ueberllusse
795 1391 846 1433 da,

170 1440 238 1480 vgl.
257 1450 284 1470 c.
304 1439 359 1479 42,
377 1439 407 1469 9.

219 1479 288 1517 28.
342 1484 369 1514 1.
420 1483 604 1523 Vetusius,
641 1482 708 1523 vgl.
736 1493 763 1513 c.
794 1482 846 1522 19,

172 1530 203 1562 2.
233 1549 276 1553 ——
305 1528 420 1571 quales
437 1530 467 1559 Ιι.
488 1540 525 1568 e„
543 1529 608 1560 wie
626 1528 680 1559 die
699 1527 846 1558 Consuln

172 1585 277 1616 gegen
297 1576 347 1606 sie
365 1574 499 1612 gesiunt
524 1574 614 1613 sein,
644 1573 715 1604 sich
741 1583 846 1613 gegen

174 1621 224 1654 sie
242 1621 421 1652 benehmen
443 1619 769 1658 nfirma—coetus,
788 1628 846 1657 ge-

170 1667 278 1698 heime
297 1665 413 1705 Clubs,
438 1675 463 1696 5.
485 1676 512 1696 c.
533 1665 585 1706 32,
616 1665 642 1701 1,
669 1675 695 1695 c.
717 1665 768 1703 27,
790 1664 844 1694 13ε

174 1712 302 1744 occulta
330 1709 499 1752 colloquia.
532 1728 574 1732 ——
607 1709 734 1750 Esqncl.
761 1708 846 1740 xxird

171 1768 236 1789 von
256 1757 305 1796 L.,
331 1766 355 1787 5.
382 1758 410 1794 1,
430 1757 491 1795 443
519 1755 570 1797 26,
600 1757 639 1787 10
659 1754 722 1786 und
741 1758 846 1793 SoiiSt‚

172 1803 239 1842 vgl.
255 1802 324 1833 Cic.
345 1800 383 1832 N.
406 1801 440 1832 D.
460 1801 491 1841 3,
511 1801 563 1838 25,
582 1801 641 1831 (532
660 1802 692 1831 ίη
712 1799 846 1831 Palatio

173 1867 195 1871 ο
212 1847 397 1888 Esquiliis:
420 1846 490 1877 Plin
523 1846 564 1878 N.
584 1846 620 1877 H.
641 1847 672 1885 2,
691 1846 722 1883 7,
750 1847 788 1878 111
814 1856 845 1875 u.

175 1904 217 1931 a.,
244 1894 306 1925 wie
330 1893 383 1924 die
402 1891 528 1923 Namen
554 1893 612 1922 dei·
631 1891 748 1923 St'zidte
767 1901 847 1921 con-

174 1939 304 1970 struirt.
324 1937 472 1969 weshalb
483 1937 617 1977 Madvig
636 1937 718 1967 auch
736 1935 755 1977 ξ
775 1937 790 1965 -1
811 1937 847 1966 in

173 1982 228 2015 fiir
245 1982 367 2015 un‘zicht
386 1983 469 2013 hiilt.
497 2001 538 2005 —
568 1984 603 2012 in
621 1983 749 2013 dventu
777 1981 846 2021 vgl.

174 2029 228 2065 35,
247 2031 279 2069 9,
297 2029 327 2065 4,
345 2029 398 2059 hat
417 2026 848 2068 gewiihnliehdie-Psiipos„

176 2086 201 2106 5.
217 2073 296 2106 Tae.
316 2073 354 2104 H.
375 2075 404 2111 3,
425 2074 483 2105 δ4;
506 2083 565 2103 zui·
580 2073 685 2103 sache
704 2082 728 2103 s.
746 2073 769 2109 1,
791 2071 846 2110 33,

175 2120 205 2151 2.
221 2138 263 2141 —
278 2119 377 2151 subit.
397 2129 433 2153 c.,
453 2128 544 2149 vienn
562 2118 609 2149 sie
626 2116 847 2148 unxorberei-

174 2169 225 2197 tet
243 2185 268 2188 —
287 2164 396 2196 sussen
418 2164 576 2199 miissten,
602 2163 670 2201 vgl.
690 2163 722 2201 3,
741 2163 792 2195 51,
816 2162 844 2193 1.

223 2209 252 2241 2.
281 2209 451 2249 deserunt,
477 2209 526 2240 sie
554 2209 692 2247 lii-ingen
712 2208 765 2238 die
784 2207 844 2237 Sa-

175 2257 234 2287 che
250 2255 291 2287 im
302 2256 422 2287 Senate
437 2253 660 2292 zui-Anzeigffl
679 2252 749 2283 hiei·
764 2252 844 2283 aber

174 2301 285 2340 wenig
300 2300 519 2331 νει-5111161151]
541 2310 602 2329 von
623 2301 693 2329 dem
715 2298 844 2328 techni-

175 2348 274 2378 seben
302 2344 490 2377 Ausdi-uck:
524 2345 655 2386 referre
680 2343 726 2374 ad
748 2354 845 2374 sena-

176 2395 263 2424 tum:
298 2390 435 2422 aintlich
469 2390 564 2420 einen
595 2389 738 2427 lorti-ag
765 2388 845 2419 iiber

179 2437 274 2469 einen
296 2435 508 2475 &gt-ustam}
535 2434 647 2465 hulten
670 2435 729 2463 und
751 2434 845 2465 einen

178 2482 308 2522 Antrag
334 2481 469 2516 stellen,
495 2491 531 2510 so
558 2481 633 2511 dass
661 2480 742 2510 iiber
768 2481 846 2510 den-

178 2528 291 2559 selben
308 2529 366 2558 der
382 2528 479 2557 Sena(
495 2537 504 2554 1
516 2526 695 2556 erliandeln
713 2526 773 2555 und
790 2524 847 2554 ab·

181 2573 332 2605 stimmen
343 2573 441 2611 kann,
453 2571 613 2611 vgl.c.27,
630 2571 776 2610 2337,s;
793 2571 846 2609 39,

919 1526 1016 1567 sasst,
1036 1538 1061 1558 c.
1081 1528 1133 1567 31,
1155 1531 1190 1558 9:
1209 1538 1270 1558 zur
1289 1527 1480 1567 Ber-athung
1499 1528 1591 1559 brin—

919 1582 998 1612 geu,
1017 1573 1238 1613 anderscfflfi,
1257 1574 1293 1613 53
1314 1574 1366 1612 29,
1385 1575 1422 1604 6:
1441 1574 1494 1604 die
1510 1573 1590 1604 Ein-

919 1618 1035 1649 zelneu
1055 1617 1224 1657 hesi-agen.
1239 1636 1281 1640 —
1299 1618 1429 1660 undiq„
1448 1619 1591 1650 attribu-

918 1664 981 1695 tiv.
1002 1682 1042 1686 ——
1062 1663 1190 1705 iudtgn.
1207 1682 1226 1685 -
1245 1664 1283 1702 si,
1310 1674 1335 1694 s.
1358 1666 1384 1698 1.
1404 1665 1458 1699 4ῖ,
1478 1665 1516 1697 6;
1536 1664 1590 1695 die

920 1709 1065 1741 Consul„
1079 1710 1193 1741 hatten
1204 1711 1359 1749 vei-mogi*
1369 1709 1591 1740 ihrer-Macht-

919 1755 1217 1787 vollkouimenheit
1232 1754 1338 1785 selbst
1353 1752 1541 1794 eingreifen
1556 1765 1587 1785 u.

921 1800 1048 1832 straten
1067 1800 1185 1837 sollen,
1205 1810 1232 1830 c.
1247 1800 1301 1840 29,
1322 1801 1371 1831 10.
1402 1816 1457 1839 -.
1473 1798 1590 1838 inviti„

921 1856 946 1877 s.
968 1848 998 1884 ξ),
1017 1846 1070 1885 20,
1088 1846 1117 1876 9.

966 1935 984 1966 3
999 1955 1018 1959 —
1032 1936 1060 1966 5.
1088 1936 1326 1975 magistratus,
1346 1946 1375 1965 n.
1394 1934 1588 1974 wirkliehe,

921 1981 1117 2021 energia-he
1151 1998 1192 2001 —
1210 1980 1330 2023 public.
1358 1990 1454 2016 cona,
1480 1979 1588 2020 allge-

919 2026 1024 2057 mein:
1051 2026 1125 2057 eine
1151 2036 1224 2056 vom
1251 2026 1346 2057 Stant
1372 2026 1590 2064 anei-kanuto,

919 2082 983 2102 von
1007 2072 1112 2102 einen]
1126 2070 1490 2110 Magistrateberul'ene
1505 2070 1589 2101 Ver-

918 2117 1103 2155 sauimluug
1122 2117 1179 2147 des
1198 2118 1336 2147 Senates
1355 2115 1587 2151 ndei-volkes3

914 2162 1001 2201 ,ietzt
1016 2162 1096 2193 aber
1112 2162 1286 2201 unziihlige
1300 2162 1434 2192 813111115-
1448 2162 1589 2199 (curlus)

918 2208 982 2238 uud
1017 2207 1411 2246 Volksversammluugen
1451 2207 1587 2244 (contio-

918 2254 999 2291 nesi,
1019 2265 1046 2284 c.
1067 2254 1097 2290 7,
1116 2254 1152 2283 7:
1174 2254 1204 2290 3,
1223 2254 1277 2293 41,
1299 2255 1330 2284 1:
1357 2254 1417 2283 aut
1441 2253 1474 2282 2'11
1493 2253 1588 2282 0111·ιά

917 2301 974 2329 aut
997 2300 1030 2328 ln
1057 2300 1205 2329 contione
1228 2309 1256 2329 u.
1277 2308 1306 2329 a.
1341 2316 1381 2318 —
1416 2298 1537 2334 cirum,
1558 2298 1587 2336 1,

917 2346 970 2378 41,
996 2346 1024 2374 25.
1059 2363 1099 2365 —
1131 2343 1174 2380 id,
1208 2343 1281 2373 weil
1308 2343 1359 2373 ein
1380 2353 1464 2380 ganz
1482 2341 1588 2381 allge-

917 2389 1056 2424 meiner,
1074 2389 1163 2419 nicht
1177 2387 1301 2419 aufdas
1315 2388 1468 2425 vorherg.
1479 2389 1587 2418 virum

918 2445 938 2464 u
969 2434 1027 2465 das
1046 2434 1122 2473 fulg.
1143 2433 1307 2464 eom-ulem
1326 2432 1588 2471 zui-iivkgcl'iihr-

919 2484 972 2510 ter
1003 2481 1064 2509 und
1096 2480 1243 2510 dadurch
1270 2478 1507 2509 bes-cliiiinkm·
1528 2478 1587 2507 Be—

918 2525 999 2563 griis
1030 2525 1171 2564 gedam-ht
1204 2526 1337 2554 uei-dvii
1368 2524 1452 2562 51111,
1485 2522 1588 2553 daher

920 2571 1008 2600 nicht
1028 2580 1115 2600 earn.
1131 2588 1171 2592 —
1186 2568 1265 2610 quid
1281 2579 1370 2611 ergo,
1388 2573 1483 2600 sonst
1496 2568 1591 2599 mehr
