1698 2864
672 213 932 247 PERIOCHAE.
1423 216 1502 255 373

104 317 240 360 inpensa
259 316 398 357 largitus
416 319 479 355 est,
497 319 532 347 et
549 314 589 347 ob
605 315 638 347 id
653 313 776 347 factum
793 315 970 347 conciliata
988 315 1050 347 sibi
1066 315 1162 358 plebe
1179 325 1316 356 regnum
1332 315 1504 348 adfectans

101 372 133 394 a.
162 362 197 394 C.
223 361 368 394 Servilio
391 360 497 392 Ahala
521 360 680 401 magistro
704 361 849 403 equitum
871 361 964 392 iussu
981 360 1111 402 Quincti
1126 360 1309 392 Cincinnati
1332 361 1505 392 dictatoris

101 407 231 440 occisus
255 411 319 439 est.
351 405 389 438 L.
408 405 572 437 Minucius
596 405 695 437 index
718 405 802 436 bove
819 409 936 437 aurata
955 405 1094 437 donatus
1117 410 1181 437 est.
1214 405 1333 446 legatis
1351 405 1504 438 Romanis

102 462 122 484 a
138 451 355 484 Fidenatibus
380 450 514 492 occisis,
540 450 691 492 quoniam
717 450 756 481 ob
781 460 850 482 rem
874 449 1034 492 publicam
1058 450 1292 489 occubuerant,
1317 455 1447 482 statuae
1471 451 1503 482 in

104 497 225 528 rostris
240 496 369 538 positae
393 499 483 527 sunt.
516 494 641 527 Cossus
667 494 842 527 Cornelius
866 494 1018 526 tribunus
1041 494 1179 526 militum
1197 495 1307 526 occiso
1331 494 1503 527 Tolumnio

100 540 280 573 Veientum
298 550 376 580 rege
397 540 504 582 opima
522 540 627 583 spolia
643 540 788 571 secunda
805 539 931 571 retulit.
965 538 1062 570 Mam.
1082 540 1242 571 Aemilius
1261 540 1405 572 dictator
1425 550 1503 572 cen—

100 596 199 618 surae
216 587 386 624 honorem,
404 585 459 627 qui
474 590 571 617 antea
589 595 648 627 per
661 584 915 627 quinquennium
928 583 1119 624 gerebatur,
1136 584 1212 615 anui
1226 589 1260 615 et
1273 594 1333 616 sex
1347 585 1506 616 mensium

102 631 209 673 spatio
235 631 325 670 finit3
350 630 390 663 ob
414 641 484 662 eam
507 641 576 662 rem
598 639 616 661 a
639 630 833 661 censoribus
850 633 984 661 notatus
1002 633 1063 661 est.
1095 628 1239 660 Fidenae
1257 629 1288 660 in
1307 634 1506 671 potestatem

103 676 274 717 redactae,
297 686 403 717 eoque
428 675 536 707 coloni
557 675 649 707 missi
673 679 766 715 sunt3
792 674 907 716 quibus
931 673 1049 705 occisis
1067 673 1246 705 Fidenates
1270 684 1341 705 cum
1364 672 1507 706 defecis-

106 725 198 759 sent,
223 721 263 752 ab
288 720 385 753 Mam.
402 720 543 753 Aemilio
569 720 733 751 dictatore
755 720 837 751 victi
852 723 929 751 sunt
946 723 980 750 et
996 717 1142 750 Fidenae
1162 723 1288 761 captae.
1323 719 1504 751 coniuratio

103 775 277 797 servorum
301 775 471 808 oppressa.
505 764 693 797 Postumius
717 764 869 796 tribunus
891 763 1030 795 militum
1052 768 1190 805 propter
1212 763 1443 796 crudelitatem
1466 764 1504 795 ab

103 811 255 842 exercitu
278 811 407 842 occisus
431 815 494 843 est.
528 810 726 852 stipendium
749 820 791 841 ex
815 809 946 841 aerario
971 813 1039 840 tum
1062 808 1200 850 primum
1222 808 1379 840 militibus
1396 809 1506 840 datum

102 859 166 887 est.
200 865 254 887 res
278 860 454 898 praeterea
477 859 590 896 gestas
614 854 777 887 adversus
794 853 938 887 Vulscos
961 857 994 885 et
1011 852 1189 885 Fidenates
1207 857 1240 885 et
1257 852 1409 885 Faliscos
1427 864 1505 885 con-

102 899 197 932 tinet.

677 1023 747 1056 EX
771 1023 860 1055 LIB.
888 1023 927 1056 V.

194 1080 230 1113 In
260 1081 431 1113 obsidione
454 1080 613 1113 Veiorum
641 1080 855 1111 hibernacula
882 1080 1041 1112 militibus
1065 1079 1151 1111 facta
1175 1084 1264 1111 sunt.
1297 1090 1336 1111 ea
1358 1089 1413 1111 res
1437 1089 1508 1111 cum

106 1130 200 1158 esset
216 1136 317 1166 nova,
340 1126 599 1166 indignationem
622 1124 829 1156 tribunorum
853 1124 959 1166 plebis
983 1124 1101 1162 movit,
1127 1124 1334 1166 querentium
1360 1135 1422 1155 non
1438 1124 1509 1156 dari

103 1171 193 1213 plebi
206 1181 266 1202 nec
283 1181 342 1213 per
358 1171 496 1202 hiemem
512 1170 649 1201 militiae
667 1170 823 1211 requiem.
856 1169 986 1210 equites
1004 1174 1071 1201 tum
1089 1169 1226 1210 primum
1243 1169 1334 1210 equis
1353 1169 1422 1200 suis
1440 1179 1509 1201 me—

107 1226 182 1247 rere
199 1220 392 1258 coeperunt.
426 1225 498 1246 cum
516 1215 686 1246 inundatio
705 1224 747 1245 ex
765 1214 839 1245 lacu
856 1213 984 1245 Albano
1002 1212 1089 1245 facta
1108 1217 1218 1253 esset,
1235 1217 1348 1254 vates,
1367 1213 1421 1256 qui
1437 1223 1508 1245 eam

108 1271 177 1292 rem
194 1261 492 1303 interpretaretur,
515 1270 557 1291 ex
575 1259 726 1291 hostibus
745 1263 861 1300 captus
879 1263 943 1291 est.
975 1258 1097 1290 Furius
1115 1257 1272 1289 Camillus
1291 1259 1434 1289 dictator
1451 1259 1508 1290 de-

107 1316 177 1337 cem
205 1316 309 1337 annos
339 1306 496 1337 obsessos
519 1304 623 1336 Veios
642 1304 746 1345 cepit,
771 1303 982 1335 simulacrum
1005 1303 1144 1336 Iunonis
1168 1302 1301 1334 Romam
1324 1304 1508 1344 transtulit,

106 1351 262 1382 decimam
286 1351 429 1392 praedae
447 1349 592 1392 Delphos
610 1349 754 1391 Apollini
778 1348 876 1380 misit.
911 1348 994 1380 idem
1022 1348 1175 1380 tribunus
1199 1348 1337 1380 militum
1355 1358 1425 1379 cum
1444 1348 1509 1380 Fa-

104 1395 206 1426 liscos
225 1396 406 1435 obsideret,
424 1395 573 1437 proditos
591 1394 732 1425 hostium
750 1392 836 1425 filios
854 1393 1046 1435 parentibus
1072 1393 1201 1424 remisit
1222 1393 1398 1435 statimque
1416 1393 1508 1424 dedi-

106 1440 198 1471 tione
216 1439 303 1472 l'acta
321 1440 529 1472 Faliscorum
546 1439 720 1470 victoriam
738 1438 866 1469 iustitia
884 1443 1081 1469 consecutus
1099 1443 1162 1469 est.
1192 1448 1262 1469 cum
1278 1438 1364 1469 alter
1377 1447 1419 1469 ex
1433 1448 1509 1469 cen-

108 1485 240 1516 soribus
263 1484 300 1516 C.
323 1484 426 1516 Iulius
455 1485 676 1523 decessisset,
704 1483 736 1514 in
766 1484 874 1514 locum
904 1483 974 1514 eius
993 1482 1036 1514 M.
1056 1482 1230 1514 Cornelius
1259 1483 1417 1514 suffectus
1447 1487 1509 1514 est.

108 1540 169 1561 nec
191 1530 223 1561 id
241 1534 356 1572 postea
374 1529 497 1561 factum
516 1534 585 1569 est,
606 1528 755 1570 quoniam
774 1538 812 1559 eo
831 1528 937 1559 lustro
956 1537 974 1559 a
993 1527 1099 1559 Gallis
1116 1527 1218 1559 Roma
1237 1532 1331 1570 capta
1349 1531 1411 1559 est.
1444 1527 1512 1559 Fu-

106 1575 176 1606 rius
194 1574 364 1615 Camillus,
383 1585 454 1606 cum
472 1576 504 1606 ei
518 1575 588 1606 dies
606 1583 624 1605 a
639 1573 675 1605 L.
692 1573 831 1615 Apuleio
846 1573 977 1604 tribuno
992 1573 1096 1615 plebis
1111 1572 1197 1604 dicta
1211 1577 1313 1613 esset,
1327 1573 1357 1604 in
1374 1572 1512 1604 exilium

106 1619 187 1651 abit.
221 1630 293 1651 cum
317 1619 404 1652 Galli
427 1619 576 1651 Senones
604 1618 750 1650 Clusium
776 1618 984 1658 obsiderent,
1008 1622 1042 1649 et
1064 1618 1165 1657 legati
1192 1627 1210 1648 a
1228 1622 1346 1649 senatu
1362 1617 1453 1648 missi
1471 1617 1512 1648 ad

108 1665 352 1706 conponendam
378 1665 466 1696 inter
484 1674 542 1695 eos
561 1668 595 1695 et
611 1663 766 1694 Clusinos
784 1673 896 1705 pacem
915 1667 1097 1705 pugnantes
1116 1667 1231 1694 contra
1251 1661 1364 1694 Gallos
1387 1661 1419 1693 in
1440 1662 1511 1693 acie

109 1708 319 1741 Clusinorum
348 1711 539 1748 stetissent,
569 1710 630 1740 hoc
654 1707 740 1739 facto
764 1718 878 1739 eorum
901 1708 1057 1739 concitati
1080 1707 1229 1739 Senones
1253 1707 1367 1739 urbem
1390 1705 1510 1738 infesto

107 1755 259 1786 exercitu
276 1754 457 1796 petierunt,
474 1752 622 1795 fusisque
639 1753 680 1784 ad
696 1753 804 1784 Aliam
821 1752 976 1784 Romanis
995 1762 1112 1794 cepere
1132 1752 1246 1784 urbem
1266 1757 1398 1794 praeter
1416 1751 1512 1793 Capi-

106 1799 238 1840 tolium,
262 1809 324 1841 quo
350 1809 386 1830 se
411 1800 567 1830 iuventus
591 1797 796 1837 contulerat3
833 1798 975 1829 maiores
1001 1802 1078 1828 natu
1103 1807 1174 1828 cum
1199 1797 1382 1836 insignibus
1408 1797 1511 1827 hono-

106 1854 195 1885 rum,
214 1854 294 1886 quos
313 1844 450 1886 quisque
467 1847 638 1884 gesserat,
661 1843 691 1874 in
717 1842 891 1874 vestibulis
909 1842 1038 1873 aedium
1063 1843 1218 1873 sedentes
1242 1842 1444 1873 occiderunt.
1479 1845 1512 1872 et

107 1899 179 1920 cum
197 1899 256 1931 per
271 1898 425 1920 aversam
444 1893 570 1930 partem
587 1887 742 1929 Capitolii
759 1888 821 1919 iam
839 1887 869 1918 in
888 1897 1045 1918 summum
1065 1888 1263 1927 evasissent,
1281 1887 1402 1928 proditi
1419 1886 1511 1917 clan-

106 1943 186 1973 gore
209 1943 363 1965 anserum
381 1933 426 1965 M.
443 1933 558 1965 Manlii
580 1933 755 1975 praecipue
779 1942 879 1974 opera
896 1932 1017 1963 deiecti
1035 1936 1123 1963 sunt.
1158 1932 1280 1963 coactis
1298 1932 1415 1963 deinde
1434 1941 1511 1973 pro-

106 1983 181 2020 pter
197 1976 314 2011 famem
332 1977 485 2010 Romanis
504 1989 540 2010 eo
558 1978 780 2017 descendere,
797 1981 835 2008 ut
851 1977 940 2008 mille
960 1977 1065 2019 pondo
1084 1977 1156 2008 auri
1171 1977 1290 2008 darent
1308 1981 1342 2008 et
1358 1977 1419 2007 hoc
1436 1986 1513 2017 pre-

106 2023 153 2054 tio
183 2022 281 2054 finem
309 2023 487 2054 obsidionis
517 2027 682 2062 emerent,
711 2022 831 2054 Furius
850 2021 1024 2060 Camillus,
1054 2022 1199 2053 dictator
1225 2020 1345 2053 absens
1368 2025 1511 2061 creatus,

108 2067 197 2099 inter
215 2068 320 2109 ipsum
338 2067 555 2109 conloquium,
574 2078 636 2110 quo
654 2067 694 2099 de
711 2068 801 2109 pacis
819 2067 1065 2098 condicionibus
1083 2066 1256 2106 agebatur,
1274 2076 1346 2097 cum
1361 2066 1513 2098 exercitu

107 2113 202 2144 venit
231 2116 265 2144 et
295 2111 409 2143 Gallos
445 2117 521 2153 post
550 2117 681 2144 sextum
710 2122 855 2143 mensem
883 2112 964 2143 urbe
993 2111 1115 2153 expulit
1151 2111 1345 2152 ceciditque.
1391 2111 1512 2142 dictum

109 2161 162 2188 est
183 2157 224 2188 ad
247 2156 348 2189 Veios
371 2156 576 2196 migrandum
599 2167 674 2188 esse
702 2161 839 2199 propter
862 2157 1027 2188 incensam
1053 2160 1087 2188 et
1112 2155 1253 2187 dirutam
1276 2156 1408 2194 urbem3
1428 2155 1512 2196 quod

109 2202 282 2233 consilium
310 2201 447 2232 Camillo
471 2206 608 2233 auctore
637 2202 822 2234 discussum
847 2206 911 2234 est.
951 2201 1055 2233 movit
1085 2201 1238 2243 populum
1268 2201 1359 2231 vocis
1384 2209 1510 2241 quoque

108 2256 202 2278 omen
219 2257 263 2278 ex
279 2247 473 2278 centurione
491 2246 634 2284 auditae,
653 2247 717 2289 qui,
734 2257 805 2278 cum
822 2247 854 2277 in
872 2246 978 2279 forum
996 2246 1153 2285 venisset,
1170 2244 1425 2286 manipularibus
1443 2244 1512 2275 suis

109 2291 256 2324 dixerat:
284 2296 361 2333 „sta
383 2291 496 2330 miles3
520 2291 572 2322 hic
595 2292 716 2333 optime
739 2291 979 2324 manebimus.“
1012 2291 1111 2323 aedes
1129 2288 1199 2320 Iovi
1223 2289 1406 2331 Capitolino
1424 2288 1510 2320 facta

109 2340 171 2377 est,
189 2336 275 2378 quod
290 2341 367 2368 ante
384 2336 499 2368 urbem
516 2340 643 2379 captam
659 2346 724 2368 vox
743 2336 855 2369 audita
871 2342 944 2369 erat
959 2337 1140 2369 adventare
1159 2333 1287 2366 Gallos.
