<?xml version="1.0" encoding="UTF-8"?>
<!DOCTYPE html PUBLIC "-//W3C//DTD XHTML 1.0 Transitional//EN"
    "http://www.w3.org/TR/xhtml1/DTD/xhtml1-transitional.dtd">
<html xmlns="http://www.w3.org/1999/xhtml" xml:lang="en" lang="en">
 <head>
  <title>
</title>
<meta http-equiv="Content-Type" content="text/html;charset=utf-8" />
  <meta name='ocr-system' content='tesseract 3.04.00' />
  <meta name='ocr-capabilities' content='ocr_page ocr_carea ocr_par ocr_line ocrx_word'/>
</head>
<body>
  <div class='ocr_page' id='page_1' title='image "./aburbeconditalib0102livyuoft_0749.png"; bbox 0 0 1698 2864; ppageno 0'>
   <div class='ocr_carea' id='block_1_1' title="bbox 61 222 247 248">
    <p class='ocr_par' dir='ltr' id='par_1_1' title="bbox 61 222 247 248">
     <span class='ocr_line' id='line_1_1' title="bbox 61 222 247 248; baseline -0.016 0"><span class='ocrx_word' id='word_1_1' title='bbox 61 231 88 248; x_wconf 72' lang='lat' dir='ltr'>a.</span> <span class='ocrx_word' id='word_1_2' title='bbox 110 222 164 248; x_wconf 90' lang='lat' dir='ltr'>Ch.</span> <span class='ocrx_word' id='word_1_3' title='bbox 184 222 247 246; x_wconf 79' lang='lat'>423.</span> 
     </span>
    </p>
   </div>
   <div class='ocr_carea' id='block_1_2' title="bbox 520 207 1007 241">
    <p class='ocr_par' dir='ltr' id='par_1_2' title="bbox 520 207 1007 241">
     <span class='ocr_line' id='line_1_2' title="bbox 520 207 1007 241; baseline -0.002 -1"><span class='ocrx_word' id='word_1_4' title='bbox 520 207 648 241; x_wconf 85' lang='lat' dir='ltr'>LIBER</span> <span class='ocrx_word' id='word_1_5' title='bbox 665 207 722 240; x_wconf 87' lang='lat' dir='ltr'>lv.</span> <span class='ocrx_word' id='word_1_6' title='bbox 760 207 854 240; x_wconf 88' lang='lat' dir='ltr'><strong>CAP.</strong></span> <span class='ocrx_word' id='word_1_7' title='bbox 872 207 928 240; x_wconf 88' lang='lat'>40.</span> <span class='ocrx_word' id='word_1_8' title='bbox 953 207 1007 239; x_wconf 90' lang='lat'>41.</span> 
     </span>
    </p>
   </div>
   <div class='ocr_carea' id='block_1_3' title="bbox 58 307 1549 1544">
    <p class='ocr_par' dir='ltr' id='par_1_3' title="bbox 58 307 1549 1544">
     <span class='ocr_line' id='line_1_3' title="bbox 62 307 1464 361; baseline -0.006 -7"><span class='ocrx_word' id='word_1_9' title='bbox 62 314 191 361; x_wconf 86' lang='lat' dir='ltr'>citum,</span> <span class='ocrx_word' id='word_1_10' title='bbox 206 311 368 352; x_wconf 85' lang='lat' dir='ltr'>traditos</span> <span class='ocrx_word' id='word_1_11' title='bbox 383 310 430 350; x_wconf 90' lang='lat' dir='ltr'>ad</span> <span class='ocrx_word' id='word_1_12' title='bbox 447 309 602 349; x_wconf 85' lang='lat' dir='ltr'>caedem</span> <span class='ocrx_word' id='word_1_13' title='bbox 618 308 857 348; x_wconf 76' lang='lat' dir='ltr'>forfissimos</span> <span class='ocrx_word' id='word_1_14' title='bbox 875 308 1034 358; x_wconf 84' lang='lat' dir='ltr'>equites,</span> <span class='ocrx_word' id='word_1_15' title='bbox 1054 308 1202 347; x_wconf 84' lang='lat' dir='ltr'>deserta</span> <span class='ocrx_word' id='word_1_16' title='bbox 1215 307 1327 346; x_wconf 88' lang='lat' dir='ltr'>foede</span> <span class='ocrx_word' id='word_1_17' title='bbox 1339 311 1464 346; x_wconf 86' lang='lat' dir='ltr'>castra</span> 
     </span>
     <span class='ocr_line' id='line_1_4' title="bbox 60 363 1513 415; baseline -0.005 -6"><span class='ocrx_word' id='word_1_18' title='bbox 60 369 256 409; x_wconf 85' lang='lat' dir='ltr'>vociferati</span> <span class='ocrx_word' id='word_1_19' title='bbox 277 371 418 413; x_wconf 82' lang='lat' dir='ltr'>essent,</span> <span class='ocrx_word' id='word_1_20' title='bbox 442 366 481 405; x_wconf 88' lang='lat' dir='ltr'>C.</span> <span class='ocrx_word' id='word_1_21' title='bbox 498 365 631 404; x_wconf 90' lang='lat' dir='ltr'>Iunius</span> <span class='ocrx_word' id='word_1_22' title='bbox 653 377 755 404; x_wconf 92' lang='lat' dir='ltr'>unus</span> <span class='ocrx_word' id='word_1_23' title='bbox 778 377 823 402; x_wconf 86' lang='lat' dir='ltr'>ex</span> <span class='ocrx_word' id='word_1_24' title='bbox 843 364 1008 403; x_wconf 87' lang='lat' dir='ltr'>tribunis</span> <span class='ocrx_word' id='word_1_25' title='bbox 1025 364 1280 415; x_wconf 81' lang='lat' dir='ltr'>Tempanium</span> <span class='ocrx_word' id='word_1_26' title='bbox 1297 363 1465 415; x_wconf 84' lang='lat' dir='ltr'>equitem</span> <span class='ocrx_word' id='word_1_27' title='bbox 1494 370 1513 402; x_wconf 88' lang='grc'>6</span> 
     </span>
     <span class='ocr_line' id='line_1_5' title="bbox 60 420 1466 473; baseline -0.006 -7"><span class='ocrx_word' id='word_1_28' title='bbox 60 427 188 466; x_wconf 88' lang='lat' dir='ltr'>vocari</span> <span class='ocrx_word' id='word_1_29' title='bbox 209 424 340 471; x_wconf 86' lang='lat' dir='ltr'>iussit,</span> <span class='ocrx_word' id='word_1_30' title='bbox 365 435 576 473; x_wconf 88' lang='lat' dir='ltr'>coramque</span> <span class='ocrx_word' id='word_1_31' title='bbox 598 422 630 460; x_wconf 86' lang='lat' dir='ltr'>ei</span> <span class='ocrx_word' id='word_1_32' title='bbox 653 421 803 468; x_wconf 84' lang='lat' dir='ltr'>„Sexte</span> <span class='ocrx_word' id='word_1_33' title='bbox 824 421 1041 471; x_wconf 83' lang='lat' dir='ltr'>Tempani“</span> <span class='ocrx_word' id='word_1_34' title='bbox 1063 420 1199 471; x_wconf 87' lang='lat' dir='ltr'>inquit,</span> <span class='ocrx_word' id='word_1_35' title='bbox 1222 432 1397 471; x_wconf 83' lang='lat' dir='ltr'>„quaero</span> <span class='ocrx_word' id='word_1_36' title='bbox 1419 420 1466 459; x_wconf 88' lang='lat' dir='ltr'>de</span> 
     </span>
     <span class='ocr_line' id='line_1_6' title="bbox 61 476 1465 531; baseline -0.006 -10"><span class='ocrx_word' id='word_1_37' title='bbox 61 487 110 531; x_wconf 89' lang='lat' dir='ltr'>te,</span> <span class='ocrx_word' id='word_1_38' title='bbox 132 480 377 520; x_wconf 83' lang='lat' dir='ltr'>arbitrerisne</span> <span class='ocrx_word' id='word_1_39' title='bbox 393 479 433 518; x_wconf 92' lang='lat' dir='ltr'>C.</span> <span class='ocrx_word' id='word_1_40' title='bbox 452 478 728 529; x_wconf 89' lang='lat' dir='ltr'>Sempronium</span> <span class='ocrx_word' id='word_1_41' title='bbox 750 477 949 516; x_wconf 91' lang='lat' dir='ltr'>consulem</span> <span class='ocrx_word' id='word_1_42' title='bbox 967 481 1031 514; x_wconf 90' lang='lat' dir='ltr'>aut</span> <span class='ocrx_word' id='word_1_43' title='bbox 1047 476 1086 514; x_wconf 91' lang='lat' dir='ltr'>in</span> <span class='ocrx_word' id='word_1_44' title='bbox 1102 481 1279 527; x_wconf 83' lang='lat' dir='ltr'>tempore</span> <span class='ocrx_word' id='word_1_45' title='bbox 1294 488 1465 527; x_wconf 85' lang='lat' dir='ltr'>pugnam</span> 
     </span>
     <span class='ocr_line' id='line_1_7' title="bbox 58 532 1464 577; baseline -0.005 0"><span class='ocrx_word' id='word_1_46' title='bbox 58 539 180 577; x_wconf 89' lang='lat' dir='ltr'>inisse</span> <span class='ocrx_word' id='word_1_47' title='bbox 201 541 265 576; x_wconf 89' lang='lat' dir='ltr'>aut</span> <span class='ocrx_word' id='word_1_48' title='bbox 280 537 458 575; x_wconf 86' lang='lat' dir='ltr'>firmasse</span> <span class='ocrx_word' id='word_1_49' title='bbox 475 534 658 574; x_wconf 87' lang='lat' dir='ltr'>subsidiis</span> <span class='ocrx_word' id='word_1_50' title='bbox 675 535 794 572; x_wconf 83' lang='lat' dir='ltr'>aciem</span> <span class='ocrx_word' id='word_1_51' title='bbox 813 538 877 572; x_wconf 91' lang='lat' dir='ltr'>aut</span> <span class='ocrx_word' id='word_1_52' title='bbox 892 533 969 572; x_wconf 92' lang='lat' dir='ltr'>ullo</span> <span class='ocrx_word' id='word_1_53' title='bbox 987 532 1081 571; x_wconf 91' lang='lat' dir='ltr'>boni</span> <span class='ocrx_word' id='word_1_54' title='bbox 1099 532 1271 570; x_wconf 84' lang='lat' dir='ltr'>consulis</span> <span class='ocrx_word' id='word_1_55' title='bbox 1288 532 1464 571; x_wconf 85' lang='lat' dir='ltr'>functum</span> 
     </span>
     <span class='ocr_line' id='line_1_8' title="bbox 60 588 1512 644; baseline -0.004 -11"><span class='ocrx_word' id='word_1_56' title='bbox 60 594 209 640; x_wconf 87' lang='lat' dir='ltr'>officio,</span> <span class='ocrx_word' id='word_1_57' title='bbox 231 598 268 631; x_wconf 84' lang='lat' dir='ltr'>et</span> <span class='ocrx_word' id='word_1_58' title='bbox 287 598 381 632; x_wconf 89' lang='lat' dir='ltr'>tune</span> <span class='ocrx_word' id='word_1_59' title='bbox 401 592 487 644; x_wconf 85' lang='lat' dir='ltr'>ipse</span> <span class='ocrx_word' id='word_1_60' title='bbox 506 591 615 630; x_wconf 84' lang='lat' dir='ltr'>victis</span> <span class='ocrx_word' id='word_1_61' title='bbox 635 589 852 641; x_wconf 82' lang='lat' dir='ltr'>legionibus</span> <span class='ocrx_word' id='word_1_62' title='bbox 874 589 1060 629; x_wconf 88' lang='lat' dir='ltr'>Romanis</span> <span class='ocrx_word' id='word_1_63' title='bbox 1082 593 1149 627; x_wconf 87' lang='lat' dir='ltr'>tuo</span> <span class='ocrx_word' id='word_1_64' title='bbox 1173 588 1334 626; x_wconf 90' lang='lat' dir='ltr'>consilio</span> <span class='ocrx_word' id='word_1_65' title='bbox 1356 589 1464 639; x_wconf 89' lang='lat' dir='ltr'>equi·</span> <span class='ocrx_word' id='word_1_66' title='bbox 1495 596 1512 626; x_wconf 84' lang='lat'><strong>7</strong></span> 
     </span>
     <span class='ocr_line' id='line_1_9' title="bbox 58 644 1515 700; baseline -0.005 -11"><span class='ocrx_word' id='word_1_67' title='bbox 58 655 138 689; x_wconf 82' lang='lat' dir='ltr'>tem</span> <span class='ocrx_word' id='word_1_68' title='bbox 166 650 211 689; x_wconf 87' lang='lat' dir='ltr'>ad</span> <span class='ocrx_word' id='word_1_69' title='bbox 242 650 360 700; x_wconf 88' lang='lat' dir='ltr'>pedes</span> <span class='ocrx_word' id='word_1_70' title='bbox 391 647 592 687; x_wconf 83' lang='lat' dir='ltr'>deduxeris</span> <span class='ocrx_word' id='word_1_71' title='bbox 619 647 912 697; x_wconf 83' lang='lat' dir='ltr'>restituerisque</span> <span class='ocrx_word' id='word_1_72' title='bbox 934 657 1125 697; x_wconf 69' lang='lat' dir='ltr'>pugnam,</span> <span class='ocrx_word' id='word_1_73' title='bbox 1152 644 1307 682; x_wconf 83' lang='lat' dir='ltr'>excluso</span> <span class='ocrx_word' id='word_1_74' title='bbox 1331 644 1468 682; x_wconf 86' lang='lat' dir='ltr'>deinde</span> <span class='ocrx_word' id='word_1_75' title='bbox 1511 689 1515 695; x_wconf 30' lang='lat'><strong><em>⁵</em></strong></span> 
     </span>
     <span class='ocr_line' id='line_1_10' title="bbox 61 700 1469 755; baseline -0.005 -10"><span class='ocrx_word' id='word_1_76' title='bbox 61 706 107 746; x_wconf 87' lang='lat' dir='ltr'>ab</span> <span class='ocrx_word' id='word_1_77' title='bbox 128 707 209 745; x_wconf 86' lang='lat' dir='ltr'>acie</span> <span class='ocrx_word' id='word_1_78' title='bbox 229 710 363 744; x_wconf 84' lang='lat' dir='ltr'>nostra</span> <span class='ocrx_word' id='word_1_79' title='bbox 379 704 447 743; x_wconf 83' lang='lat' dir='ltr'>tibi</span> <span class='ocrx_word' id='word_1_80' title='bbox 464 709 577 755; x_wconf 86' lang='lat' dir='ltr'>atque</span> <span class='ocrx_word' id='word_1_81' title='bbox 593 703 784 754; x_wconf 87' lang='lat' dir='ltr'>equitibus</span> <span class='ocrx_word' id='word_1_82' title='bbox 802 716 896 742; x_wconf 89' lang='lat' dir='ltr'>num</span> <span class='ocrx_word' id='word_1_83' title='bbox 914 707 978 741; x_wconf 88' lang='lat' dir='ltr'>aut</span> <span class='ocrx_word' id='word_1_84' title='bbox 995 701 1130 740; x_wconf 89' lang='lat' dir='ltr'>consul</span> <span class='ocrx_word' id='word_1_85' title='bbox 1147 701 1231 752; x_wconf 90' lang='lat' dir='ltr'>ipse</span> <span class='ocrx_word' id='word_1_86' title='bbox 1247 700 1469 739; x_wconf 84' lang='lat' dir='ltr'>subvenerit</span> 
     </span>
     <span class='ocr_line' id='line_1_11' title="bbox 61 757 1515 813; baseline -0.005 -12"><span class='ocrx_word' id='word_1_87' title='bbox 61 767 126 802; x_wconf 81' lang='lat' dir='ltr'>aut</span> <span class='ocrx_word' id='word_1_88' title='bbox 146 761 294 801; x_wconf 85' lang='lat' dir='ltr'>miserit</span> <span class='ocrx_word' id='word_1_89' title='bbox 314 761 567 813; x_wconf 82' lang='lat' dir='ltr'>praesidium3</span> <span class='ocrx_word' id='word_1_90' title='bbox 595 765 756 812; x_wconf 87' lang='lat' dir='ltr'>postero</span> <span class='ocrx_word' id='word_1_91' title='bbox 780 759 945 809; x_wconf 85' lang='lat' dir='ltr'>denique</span> <span class='ocrx_word' id='word_1_92' title='bbox 966 758 1026 797; x_wconf 89' lang='lat' dir='ltr'>die</span> <span class='ocrx_word' id='word_1_93' title='bbox 1049 757 1183 808; x_wconf 89' lang='lat' dir='ltr'>ecquid</span> <span class='ocrx_word' id='word_1_94' title='bbox 1205 757 1375 808; x_wconf 84' lang='lat' dir='ltr'>praesidi</span> <span class='ocrx_word' id='word_1_95' title='bbox 1397 769 1465 795; x_wconf 87' lang='lat' dir='ltr'>us·</span> <span class='ocrx_word' id='word_1_96' title='bbox 1496 764 1515 795; x_wconf 83' lang='lat'>8</span> 
     </span>
     <span class='ocr_line' id='line_1_12' title="bbox 61 814 1467 870; baseline -0.005 -13"><span class='ocrx_word' id='word_1_97' title='bbox 61 831 175 870; x_wconf 87' lang='lat' dir='ltr'>quam</span> <span class='ocrx_word' id='word_1_98' title='bbox 197 818 389 865; x_wconf 80' lang='lat' dir='ltr'>habueris,</span> <span class='ocrx_word' id='word_1_99' title='bbox 411 829 458 857; x_wconf 84' lang='lat' dir='ltr'>an</span> <span class='ocrx_word' id='word_1_100' title='bbox 479 822 522 856; x_wconf 84' lang='lat' dir='ltr'>tu</span> <span class='ocrx_word' id='word_1_101' title='bbox 544 818 763 867; x_wconf 85' lang='lat' dir='ltr'>cohorsque</span> <span class='ocrx_word' id='word_1_102' title='bbox 783 817 821 855; x_wconf 91' lang='lat' dir='ltr'>in</span> <span class='ocrx_word' id='word_1_103' title='bbox 840 820 963 855; x_wconf 84' lang='lat' dir='ltr'>castra</span> <span class='ocrx_word' id='word_1_104' title='bbox 979 819 1104 853; x_wconf 84' lang='lat' dir='ltr'>vestra</span> <span class='ocrx_word' id='word_1_105' title='bbox 1121 814 1258 852; x_wconf 82' lang='lat' dir='ltr'>virtute</span> <span class='ocrx_word' id='word_1_106' title='bbox 1274 825 1467 864; x_wconf 81' lang='lat' dir='ltr'>perrupe—</span> 
     </span>
     <span class='ocr_line' id='line_1_13' title="bbox 59 869 1465 926; baseline -0.005 -12"><span class='ocrx_word' id='word_1_107' title='bbox 59 876 160 923; x_wconf 78' lang='lat' dir='ltr'>ritis3</span> <span class='ocrx_word' id='word_1_108' title='bbox 181 887 343 926; x_wconf 85' lang='lat' dir='ltr'>ecquem</span> <span class='ocrx_word' id='word_1_109' title='bbox 364 874 403 913; x_wconf 89' lang='lat' dir='ltr'>in</span> <span class='ocrx_word' id='word_1_110' title='bbox 426 873 560 913; x_wconf 85' lang='lat' dir='ltr'>castris</span> <span class='ocrx_word' id='word_1_111' title='bbox 585 873 797 920; x_wconf 88' lang='lat' dir='ltr'>consulem,</span> <span class='ocrx_word' id='word_1_112' title='bbox 820 884 979 922; x_wconf 87' lang='lat' dir='ltr'>ecquem</span> <span class='ocrx_word' id='word_1_113' title='bbox 1002 870 1209 909; x_wconf 84' lang='lat' dir='ltr'>exercitum</span> <span class='ocrx_word' id='word_1_114' title='bbox 1228 869 1465 915; x_wconf 82' lang='lat' dir='ltr'>inveneritis,</span> 
     </span>
     <span class='ocr_line' id='line_1_14' title="bbox 61 927 1515 978; baseline -0.004 -8"><span class='ocrx_word' id='word_1_115' title='bbox 61 943 109 971; x_wconf 90' lang='lat' dir='ltr'>an</span> <span class='ocrx_word' id='word_1_116' title='bbox 135 932 283 970; x_wconf 87' lang='lat' dir='ltr'>deserta</span> <span class='ocrx_word' id='word_1_117' title='bbox 314 935 437 969; x_wconf 84' lang='lat' dir='ltr'>castra</span> <span class='ocrx_word' id='word_1_118' title='bbox 464 930 619 969; x_wconf 86' lang='lat' dir='ltr'>relictos</span> <span class='ocrx_word' id='word_1_119' title='bbox 649 930 802 968; x_wconf 86' lang='lat' dir='ltr'>saucios</span> <span class='ocrx_word' id='word_1_120' title='bbox 831 929 983 967; x_wconf 86' lang='lat' dir='ltr'>milites.</span> <span class='ocrx_word' id='word_1_121' title='bbox 1024 928 1119 965; x_wconf 84' lang='lat' dir='ltr'>haec</span> <span class='ocrx_word' id='word_1_122' title='bbox 1146 939 1216 978; x_wconf 90' lang='lat' dir='ltr'>pro</span> <span class='ocrx_word' id='word_1_123' title='bbox 1243 927 1381 965; x_wconf 89' lang='lat' dir='ltr'>virtute</span> <span class='ocrx_word' id='word_1_124' title='bbox 1402 931 1466 964; x_wconf 89' lang='lat' dir='ltr'>tua</span> <span class='ocrx_word' id='word_1_125' title='bbox 1496 933 1515 964; x_wconf 85' lang='lat'>9</span> 
     </span>
     <span class='ocr_line' id='line_1_15' title="bbox 60 982 1469 1038; baseline -0.005 -12"><span class='ocrx_word' id='word_1_126' title='bbox 60 988 231 1038; x_wconf 88' lang='lat' dir='ltr'>fideque,</span> <span class='ocrx_word' id='word_1_127' title='bbox 262 1000 335 1037; x_wconf 90' lang='lat' dir='ltr'>qua</span> <span class='ocrx_word' id='word_1_128' title='bbox 367 999 442 1025; x_wconf 87' lang='lat' dir='ltr'>una</span> <span class='ocrx_word' id='word_1_129' title='bbox 471 987 546 1024; x_wconf 90' lang='lat' dir='ltr'>hoc</span> <span class='ocrx_word' id='word_1_130' title='bbox 571 986 669 1024; x_wconf 90' lang='lat' dir='ltr'>bello</span> <span class='ocrx_word' id='word_1_131' title='bbox 693 998 761 1037; x_wconf 83' lang='lat' dir='ltr'>¹res</span> <span class='ocrx_word' id='word_1_132' title='bbox 783 985 935 1036; x_wconf 88' lang='lat' dir='ltr'>publica</span> <span class='ocrx_word' id='word_1_133' title='bbox 958 984 1077 1029; x_wconf 80' lang='lat' dir='ltr'>stetit,</span> <span class='ocrx_word' id='word_1_134' title='bbox 1106 982 1266 1021; x_wconf 89' lang='lat' dir='ltr'>dicenda</span> <span class='ocrx_word' id='word_1_135' title='bbox 1286 982 1355 1020; x_wconf 80' lang='lat' dir='ltr'>tibi</span> <span class='ocrx_word' id='word_1_136' title='bbox 1377 987 1469 1021; x_wconf 91' lang='lat' dir='ltr'>sunt</span> 
     </span>
     <span class='ocr_line' id='line_1_16' title="bbox 59 1039 1467 1092; baseline -0.005 -10"><span class='ocrx_word' id='word_1_137' title='bbox 59 1044 196 1090; x_wconf 67' lang='lat' dir='ltr'>hodie,</span> <span class='ocrx_word' id='word_1_138' title='bbox 231 1043 397 1092; x_wconf 88' lang='lat' dir='ltr'>denique</span> <span class='ocrx_word' id='word_1_139' title='bbox 424 1042 489 1081; x_wconf 91' lang='lat' dir='ltr'>ubi</span> <span class='ocrx_word' id='word_1_140' title='bbox 520 1042 558 1080; x_wconf 91' lang='lat' dir='ltr'>C.</span> <span class='ocrx_word' id='word_1_141' title='bbox 589 1041 865 1092; x_wconf 83' lang='lat' dir='ltr'>Sempronius,</span> <span class='ocrx_word' id='word_1_142' title='bbox 895 1040 960 1079; x_wconf 89' lang='lat' dir='ltr'>ubi</span> <span class='ocrx_word' id='word_1_143' title='bbox 991 1039 1161 1089; x_wconf 82' lang='lat' dir='ltr'>legiones</span> <span class='ocrx_word' id='word_1_144' title='bbox 1188 1043 1345 1077; x_wconf 83' lang='lat' dir='ltr'>nostrae</span> <span class='ocrx_word' id='word_1_145' title='bbox 1376 1039 1467 1085; x_wconf 90' lang='lat' dir='ltr'>sint,</span> 
     </span>
     <span class='ocr_line' id='line_1_17' title="bbox 60 1094 1468 1146; baseline -0.004 -8"><span class='ocrx_word' id='word_1_146' title='bbox 60 1100 235 1139; x_wconf 87' lang='lat' dir='ltr'>desertus</span> <span class='ocrx_word' id='word_1_147' title='bbox 258 1099 311 1138; x_wconf 91' lang='lat' dir='ltr'>sis</span> <span class='ocrx_word' id='word_1_148' title='bbox 334 1111 382 1138; x_wconf 90' lang='lat' dir='ltr'>an</span> <span class='ocrx_word' id='word_1_149' title='bbox 403 1098 620 1137; x_wconf 84' lang='lat' dir='ltr'>deserueris</span> <span class='ocrx_word' id='word_1_150' title='bbox 643 1097 843 1136; x_wconf 85' lang='lat' dir='ltr'>consulem</span> <span class='ocrx_word' id='word_1_151' title='bbox 866 1096 1172 1146; x_wconf 83' lang='lat' dir='ltr'>exercitumque,</span> <span class='ocrx_word' id='word_1_152' title='bbox 1193 1094 1280 1133; x_wconf 86' lang='lat' dir='ltr'>victi</span> <span class='ocrx_word' id='word_1_153' title='bbox 1302 1094 1468 1145; x_wconf 90' lang='lat' dir='ltr'>denique</span> 
     </span>
     <span class='ocr_line' id='line_1_18' title="bbox 61 1151 1549 1202; baseline -0.002 -8"><span class='ocrx_word' id='word_1_154' title='bbox 61 1156 184 1195; x_wconf 87' lang='lat' dir='ltr'>simus</span> <span class='ocrx_word' id='word_1_155' title='bbox 213 1167 259 1194; x_wconf 91' lang='lat' dir='ltr'>an</span> <span class='ocrx_word' id='word_1_156' title='bbox 288 1155 502 1194; x_wconf 87' lang='lat' dir='ltr'>vicerimus.</span> <span class='ocrx_word' id='word_1_157' title='bbox 515 1158 535 1174; x_wconf 76' lang='lat'>‘⁴</span> <span class='ocrx_word' id='word_1_158' title='bbox 576 1154 771 1193; x_wconf 82' lang='lat' dir='ltr'>Adversus</span> <span class='ocrx_word' id='word_1_159' title='bbox 794 1154 888 1192; x_wconf 88' lang='lat' dir='ltr'>haec</span> <span class='ocrx_word' id='word_1_160' title='bbox 910 1151 1099 1202; x_wconf 86' lang='lat' dir='ltr'>Tempani</span> <span class='ocrx_word' id='word_1_161' title='bbox 1122 1151 1244 1190; x_wconf 81' lang='lat' dir='ltr'>oratio</span> <span class='ocrx_word' id='word_1_162' title='bbox 1268 1151 1468 1201; x_wconf 88' lang='lat' dir='ltr'>incompta</span> <span class='ocrx_word' id='word_1_163' title='bbox 1496 1153 1549 1192; x_wconf 84' lang='lat'>41</span> 
     </span>
     <span class='ocr_line' id='line_1_19' title="bbox 60 1207 1469 1260; baseline -0.004 -8"><span class='ocrx_word' id='word_1_164' title='bbox 60 1213 182 1252; x_wconf 82' lang='lat' dir='ltr'>fuisse</span> <span class='ocrx_word' id='word_1_165' title='bbox 204 1212 353 1258; x_wconf 85' lang='lat' dir='ltr'>dicitur,</span> <span class='ocrx_word' id='word_1_166' title='bbox 374 1216 547 1250; x_wconf 86' lang='lat' dir='ltr'>ceterum</span> <span class='ocrx_word' id='word_1_167' title='bbox 571 1210 784 1250; x_wconf 88' lang='lat' dir='ltr'>militariter</span> <span class='ocrx_word' id='word_1_168' title='bbox 805 1210 941 1260; x_wconf 85' lang='lat' dir='ltr'>gravis,</span> <span class='ocrx_word' id='word_1_169' title='bbox 962 1221 1043 1247; x_wconf 89' lang='lat' dir='ltr'>non</span> <span class='ocrx_word' id='word_1_170' title='bbox 1066 1207 1146 1246; x_wconf 85' lang='lat' dir='ltr'>suis</span> <span class='ocrx_word' id='word_1_171' title='bbox 1169 1219 1262 1246; x_wconf 89' lang='lat' dir='ltr'>vana</span> <span class='ocrx_word' id='word_1_172' title='bbox 1278 1207 1469 1253; x_wconf 80' lang='lat' dir='ltr'>laudibus,</span> 
     </span>
     <span class='ocr_line' id='line_1_20' title="bbox 60 1263 1515 1318; baseline -0.002 -11"><span class='ocrx_word' id='word_1_173' title='bbox 60 1281 141 1308; x_wconf 89' lang='lat' dir='ltr'>non</span> <span class='ocrx_word' id='word_1_174' title='bbox 160 1268 318 1307; x_wconf 84' lang='lat' dir='ltr'>crimine</span> <span class='ocrx_word' id='word_1_175' title='bbox 335 1268 456 1307; x_wconf 90' lang='lat' dir='ltr'>alieno</span> <span class='ocrx_word' id='word_1_176' title='bbox 474 1268 582 1306; x_wconf 87' lang='lat' dir='ltr'>laeta.</span> <span class='ocrx_word' id='word_1_177' title='bbox 620 1273 760 1317; x_wconf 86' lang='lat' dir='ltr'>quanta</span> <span class='ocrx_word' id='word_1_178' title='bbox 778 1267 980 1318; x_wconf 83' lang='lat' dir='ltr'>prudentia</span> <span class='ocrx_word' id='word_1_179' title='bbox 997 1265 1051 1303; x_wconf 90' lang='lat' dir='ltr'>rei</span> <span class='ocrx_word' id='word_1_180' title='bbox 1068 1263 1223 1302; x_wconf 82' lang='lat' dir='ltr'>bellicae</span> <span class='ocrx_word' id='word_1_181' title='bbox 1241 1264 1279 1302; x_wconf 90' lang='lat' dir='ltr'>in</span> <span class='ocrx_word' id='word_1_182' title='bbox 1297 1263 1336 1301; x_wconf 92' lang='lat' dir='ltr'>C.</span> <span class='ocrx_word' id='word_1_183' title='bbox 1355 1263 1467 1302; x_wconf 88' lang='lat' dir='ltr'>Sem-</span> <span class='ocrx_word' id='word_1_184' title='bbox 1497 1273 1515 1304; x_wconf 90' lang='lat'>2</span> 
     </span>
     <span class='ocr_line' id='line_1_21' title="bbox 59 1320 1468 1377; baseline -0.004 -13"><span class='ocrx_word' id='word_1_185' title='bbox 59 1325 200 1377; x_wconf 86' lang='lat' dir='ltr'>pronio</span> <span class='ocrx_word' id='word_1_186' title='bbox 223 1329 337 1371; x_wconf 83' lang='lat' dir='ltr'>esset,</span> <span class='ocrx_word' id='word_1_187' title='bbox 358 1336 438 1362; x_wconf 90' lang='lat' dir='ltr'>non</span> <span class='ocrx_word' id='word_1_188' title='bbox 460 1323 590 1362; x_wconf 86' lang='lat' dir='ltr'>militis</span> <span class='ocrx_word' id='word_1_189' title='bbox 612 1324 657 1361; x_wconf 87' lang='lat' dir='ltr'>de</span> <span class='ocrx_word' id='word_1_190' title='bbox 678 1324 913 1374; x_wconf 82' lang='lat' dir='ltr'>imperatore</span> <span class='ocrx_word' id='word_1_191' title='bbox 935 1320 1257 1360; x_wconf 81' lang='lat' dir='ltr'>existimationem</span> <span class='ocrx_word' id='word_1_192' title='bbox 1280 1333 1380 1367; x_wconf 87' lang='lat' dir='ltr'>esse,</span> <span class='ocrx_word' id='word_1_193' title='bbox 1402 1320 1468 1358; x_wconf 86' lang='lat' dir='ltr'>sed</span> 
     </span>
     <span class='ocr_line' id='line_1_22' title="bbox 60 1376 1468 1433; baseline -0.004 -13"><span class='ocrx_word' id='word_1_194' title='bbox 60 1381 194 1433; x_wconf 90' lang='lat' dir='ltr'>populi</span> <span class='ocrx_word' id='word_1_195' title='bbox 216 1380 380 1420; x_wconf 83' lang='lat' dir='ltr'>Romani</span> <span class='ocrx_word' id='word_1_196' title='bbox 407 1380 546 1425; x_wconf 88' lang='lat' dir='ltr'>fuisse,</span> <span class='ocrx_word' id='word_1_197' title='bbox 574 1392 660 1418; x_wconf 82' lang='lat' dir='ltr'>cum</span> <span class='ocrx_word' id='word_1_198' title='bbox 683 1392 770 1418; x_wconf 89' lang='lat' dir='ltr'>eum</span> <span class='ocrx_word' id='word_1_199' title='bbox 794 1378 960 1418; x_wconf 84' lang='lat' dir='ltr'>comitiis</span> <span class='ocrx_word' id='word_1_200' title='bbox 983 1377 1182 1417; x_wconf 86' lang='lat' dir='ltr'>consulem</span> <span class='ocrx_word' id='word_1_201' title='bbox 1204 1377 1355 1427; x_wconf 82' lang='lat' dir='ltr'>legeret.</span> <span class='ocrx_word' id='word_1_202' title='bbox 1396 1376 1468 1415; x_wconf 87' lang='lat' dir='ltr'>ita-</span> 
     </span>
     <span class='ocr_line' id='line_1_23' title="bbox 62 1433 1468 1489; baseline -0.005 -12"><span class='ocrx_word' id='word_1_203' title='bbox 62 1451 136 1489; x_wconf 91' lang='lat' dir='ltr'>que</span> <span class='ocrx_word' id='word_1_204' title='bbox 161 1449 209 1476; x_wconf 87' lang='lat' dir='ltr'>ne</span> <span class='ocrx_word' id='word_1_205' title='bbox 237 1437 283 1476; x_wconf 90' lang='lat' dir='ltr'>ab</span> <span class='ocrx_word' id='word_1_206' title='bbox 313 1450 354 1475; x_wconf 86' lang='lat' dir='ltr'>se</span> <span class='ocrx_word' id='word_1_207' title='bbox 382 1435 631 1487; x_wconf 82' lang='lat' dir='ltr'>imperatoria</span> <span class='ocrx_word' id='word_1_208' title='bbox 663 1436 820 1475; x_wconf 84' lang='lat' dir='ltr'>consilia</span> <span class='ocrx_word' id='word_1_209' title='bbox 849 1448 924 1474; x_wconf 88' lang='lat' dir='ltr'>neu</span> <span class='ocrx_word' id='word_1_210' title='bbox 951 1434 1175 1473; x_wconf 87' lang='lat' dir='ltr'>consulares</span> <span class='ocrx_word' id='word_1_211' title='bbox 1206 1437 1306 1472; x_wconf 86' lang='lat' dir='ltr'>artes</span> <span class='ocrx_word' id='word_1_212' title='bbox 1335 1433 1468 1483; x_wconf 88' lang='lat' dir='ltr'>exqui—</span> 
     </span>
     <span class='ocr_line' id='line_1_24' title="bbox 60 1489 1466 1544; baseline -0.004 -11"><span class='ocrx_word' id='word_1_213' title='bbox 60 1499 210 1540; x_wconf 84' lang='lat' dir='ltr'>rerent,</span> <span class='ocrx_word' id='word_1_214' title='bbox 247 1505 343 1544; x_wconf 89' lang='lat' dir='ltr'>quae</span> <span class='ocrx_word' id='word_1_215' title='bbox 379 1492 608 1544; x_wconf 82' lang='lat' dir='ltr'>pensitanda</span> <span class='ocrx_word' id='word_1_216' title='bbox 640 1505 794 1544; x_wconf 90' lang='lat' dir='ltr'>quoque</span> <span class='ocrx_word' id='word_1_217' title='bbox 820 1492 971 1543; x_wconf 82' lang='lat' dir='ltr'>magnis</span> <span class='ocrx_word' id='word_1_218' title='bbox 1000 1490 1139 1529; x_wconf 88' lang='lat' dir='ltr'>animis</span> <span class='ocrx_word' id='word_1_219' title='bbox 1168 1494 1279 1541; x_wconf 83' lang='lat' dir='ltr'>atque</span> <span class='ocrx_word' id='word_1_220' title='bbox 1306 1489 1466 1540; x_wconf 84' lang='lat' dir='ltr'>ingeniis</span> 
     </span>
    </p>
   </div>
   <div class='ocr_carea' id='block_1_4' title="bbox 61 1639 736 2675">
    <p class='ocr_par' dir='ltr' id='par_1_4' title="bbox 61 1639 732 2358">
     <span class='ocr_line' id='line_1_25' title="bbox 107 1639 729 1679; baseline -0.003 -7"><span class='ocrx_word' id='word_1_221' title='bbox 107 1641 127 1672; x_wconf 90' lang='lat'>6</span> <span class='ocrx_word' id='word_1_222' title='bbox 144 1660 167 1664; x_wconf 84' lang='lat'>-</span> <span class='ocrx_word' id='word_1_223' title='bbox 183 1640 213 1673; x_wconf 85' lang='lat'>8.</span> <span class='ocrx_word' id='word_1_224' title='bbox 247 1640 384 1679; x_wconf 75' lang='lat' dir='ltr'>Iunius,</span> <span class='ocrx_word' id='word_1_225' title='bbox 402 1639 454 1671; x_wconf 88' lang='lat' dir='ltr'>die</span> <span class='ocrx_word' id='word_1_226' title='bbox 474 1640 627 1671; x_wconf 84' lang='lat' dir='ltr'>bandsch.</span> <span class='ocrx_word' id='word_1_227' title='bbox 647 1639 729 1671; x_wconf 87' lang='lat' dir='ltr'>Les-</span> 
     </span>
     <span class='ocr_line' id='line_1_26' title="bbox 63 1685 728 1727; baseline -0.005 -9"><span class='ocrx_word' id='word_1_228' title='bbox 63 1691 116 1718; x_wconf 85' lang='lat' dir='ltr'>art</span> <span class='ocrx_word' id='word_1_229' title='bbox 141 1685 246 1718; x_wconf 76' lang='lat' dir='ltr'>Iulius</span> <span class='ocrx_word' id='word_1_230' title='bbox 271 1686 356 1716; x_wconf 86' lang='lat' dir='ltr'>kann</span> <span class='ocrx_word' id='word_1_231' title='bbox 389 1685 479 1716; x_wconf 87' lang='lat' dir='ltr'>nicbt</span> <span class='ocrx_word' id='word_1_232' title='bbox 503 1689 586 1716; x_wconf 82' lang='lat' dir='ltr'>slatt</span> <span class='ocrx_word' id='word_1_233' title='bbox 614 1685 728 1727; x_wconf 78' lang='lat' dir='ltr'>haben,</span> 
     </span>
     <span class='ocr_line' id='line_1_27' title="bbox 63 1730 727 1772; baseline -0.005 -9"><span class='ocrx_word' id='word_1_234' title='bbox 63 1733 103 1763; x_wconf 86' lang='lat' dir='ltr'>da</span> <span class='ocrx_word' id='word_1_235' title='bbox 129 1732 185 1762; x_wconf 77' lang='lat' dir='ltr'>die·</span> <span class='ocrx_word' id='word_1_236' title='bbox 198 1730 270 1762; x_wconf 92' lang='lat' dir='ltr'>Iulii</span> <span class='ocrx_word' id='word_1_237' title='bbox 289 1730 452 1762; x_wconf 80' lang='lat' dir='ltr'>Patricier</span> <span class='ocrx_word' id='word_1_238' title='bbox 475 1731 557 1761; x_wconf 86' lang='lat' dir='ltr'>sind.</span> <span class='ocrx_word' id='word_1_239' title='bbox 575 1748 619 1752; x_wconf 97' lang='lat'>—</span> <span class='ocrx_word' id='word_1_240' title='bbox 638 1732 727 1772; x_wconf 73' lang='lat' dir='ltr'>equi-</span> 
     </span>
     <span class='ocr_line' id='line_1_28' title="bbox 65 1774 730 1816; baseline -0.005 -8"><span class='ocrx_word' id='word_1_241' title='bbox 65 1779 141 1816; x_wconf 80' lang='lat' dir='ltr'>tem,</span> <span class='ocrx_word' id='word_1_242' title='bbox 160 1777 250 1808; x_wconf 86' lang='lat' dir='ltr'>diese</span> <span class='ocrx_word' id='word_1_243' title='bbox 270 1774 417 1807; x_wconf 82' lang='lat' dir='ltr'>einfache</span> <span class='ocrx_word' id='word_1_244' title='bbox 434 1775 662 1816; x_wconf 79' lang='lat' dir='ltr'>Bezeichnung</span> <span class='ocrx_word' id='word_1_245' title='bbox 679 1776 730 1806; x_wconf 85' lang='lat' dir='ltr'>als</span> 
     </span>
     <span class='ocr_line' id='line_1_29' title="bbox 64 1821 729 1861; baseline -0.003 -9"><span class='ocrx_word' id='word_1_246' title='bbox 64 1821 189 1860; x_wconf 79' lang='lat' dir='ltr'>Ritter,</span> <span class='ocrx_word' id='word_1_247' title='bbox 216 1822 305 1852; x_wconf 87' lang='lat' dir='ltr'>nicht</span> <span class='ocrx_word' id='word_1_248' title='bbox 327 1821 376 1852; x_wconf 86' lang='lat' dir='ltr'>als</span> <span class='ocrx_word' id='word_1_249' title='bbox 401 1821 551 1861; x_wconf 86' lang='lat' dir='ltr'>decurio,</span> <span class='ocrx_word' id='word_1_250' title='bbox 577 1821 620 1851; x_wconf 86' lang='lat' dir='ltr'>ist</span> <span class='ocrx_word' id='word_1_251' title='bbox 638 1825 729 1861; x_wconf 65' lang='lat' dir='ltr'>niati,</span> 
     </span>
     <span class='ocr_line' id='line_1_30' title="bbox 62 1864 730 1898; baseline -0.001 0"><span class='ocrx_word' id='word_1_252' title='bbox 62 1867 127 1898; x_wconf 89' lang='lat' dir='ltr'>und</span> <span class='ocrx_word' id='word_1_253' title='bbox 146 1867 227 1897; x_wconf 85' lang='lat' dir='ltr'>wird</span> <span class='ocrx_word' id='word_1_254' title='bbox 242 1877 305 1897; x_wconf 81' lang='lat' dir='ltr'>von</span> <span class='ocrx_word' id='word_1_255' title='bbox 316 1865 429 1897; x_wconf 87' lang='lat' dir='ltr'>Duker</span> <span class='ocrx_word' id='word_1_256' title='bbox 446 1865 494 1897; x_wconf 85' lang='lat' dir='ltr'>als</span> <span class='ocrx_word' id='word_1_257' title='bbox 513 1864 730 1897; x_wconf 85' lang='lat' dir='ltr'>einGlossem</span> 
     </span>
     <span class='ocr_line' id='line_1_31' title="bbox 64 1910 728 1952; baseline -0.005 -9"><span class='ocrx_word' id='word_1_258' title='bbox 64 1912 229 1952; x_wconf 86' lang='lat' dir='ltr'>gehalten.</span> <span class='ocrx_word' id='word_1_259' title='bbox 252 1929 296 1934; x_wconf 91' lang='lat'>—</span> <span class='ocrx_word' id='word_1_260' title='bbox 319 1912 447 1952; x_wconf 73' lang='lat' dir='ltr'>vocari,</span> <span class='ocrx_word' id='word_1_261' title='bbox 478 1921 504 1941; x_wconf 91' lang='lat' dir='ltr'>s.</span> <span class='ocrx_word' id='word_1_262' title='bbox 537 1910 572 1952; x_wconf 89' lang='lat'>3,</span> <span class='ocrx_word' id='word_1_263' title='bbox 603 1910 661 1951; x_wconf 75' lang='lat'>64,</span> <span class='ocrx_word' id='word_1_264' title='bbox 693 1911 728 1941; x_wconf 79' lang='lat'>7:</span> 
     </span>
     <span class='ocr_line' id='line_1_32' title="bbox 61 1955 727 2001; baseline -0.006 -12"><span class='ocrx_word' id='word_1_265' title='bbox 61 1956 230 2001; x_wconf 79' lang='lat' dir='ltr'>producti.</span> <span class='ocrx_word' id='word_1_266' title='bbox 246 1975 289 1979; x_wconf 88' lang='lat'>-—</span> <span class='ocrx_word' id='word_1_267' title='bbox 307 1966 432 1994; x_wconf 82' lang='lat' dir='ltr'>coram,</span> <span class='ocrx_word' id='word_1_268' title='bbox 451 1965 477 1986; x_wconf 90' lang='lat' dir='ltr'>s.</span> <span class='ocrx_word' id='word_1_269' title='bbox 497 1955 527 1995; x_wconf 88' lang='lat'>3,</span> <span class='ocrx_word' id='word_1_270' title='bbox 551 1955 599 1996; x_wconf 81' lang='lat'>10,</span> <span class='ocrx_word' id='word_1_271' title='bbox 621 1955 671 1986; x_wconf 84' lang='lat'>10.</span> <span class='ocrx_word' id='word_1_272' title='bbox 686 1974 727 1977; x_wconf 97' lang='lat'><strong>—</strong></span> 
     </span>
     <span class='ocr_line' id='line_1_33' title="bbox 64 2000 729 2043; baseline -0.003 -10"><span class='ocrx_word' id='word_1_273' title='bbox 64 2004 96 2033; x_wconf 84' lang='lat' dir='ltr'>ez&#39;</span> <span class='ocrx_word' id='word_1_274' title='bbox 113 2003 214 2041; x_wconf 64' lang='lat' dir='ltr'>hiingt</span> <span class='ocrx_word' id='word_1_275' title='bbox 236 2012 300 2033; x_wconf 91' lang='lat' dir='ltr'>von</span> <span class='ocrx_word' id='word_1_276' title='bbox 317 2003 426 2043; x_wconf 79' lang='lat' dir='ltr'>inquit</span> <span class='ocrx_word' id='word_1_277' title='bbox 441 2000 497 2039; x_wconf 86' lang='lat' dir='ltr'>ab,</span> <span class='ocrx_word' id='word_1_278' title='bbox 526 2001 589 2030; x_wconf 81' lang='lat' dir='ltr'>wie</span> <span class='ocrx_word' id='word_1_279' title='bbox 611 2000 645 2039; x_wconf 88' lang='lat'>1,</span> <span class='ocrx_word' id='word_1_280' title='bbox 676 2000 729 2039; x_wconf 91' lang='lat'>32,</span> 
     </span>
     <span class='ocr_line' id='line_1_34' title="bbox 68 2046 730 2085; baseline -0.003 -7"><span class='ocrx_word' id='word_1_281' title='bbox 68 2047 126 2085; x_wconf 74' lang='lat'>113</span> <span class='ocrx_word' id='word_1_282' title='bbox 150 2046 211 2085; x_wconf 86' lang='lat'>40,</span> <span class='ocrx_word' id='word_1_283' title='bbox 238 2046 275 2084; x_wconf 84' lang='lat'>8,</span> <span class='ocrx_word' id='word_1_284' title='bbox 299 2046 317 2077; x_wconf 88' lang='grc'>2</span> <span class='ocrx_word' id='word_1_285' title='bbox 342 2057 372 2077; x_wconf 89' lang='lat' dir='ltr'>u.</span> <span class='ocrx_word' id='word_1_286' title='bbox 398 2056 427 2077; x_wconf 86' lang='lat' dir='ltr'>a.</span> <span class='ocrx_word' id='word_1_287' title='bbox 446 2064 490 2068; x_wconf 97' lang='lat'><strong>—</strong></span> <span class='ocrx_word' id='word_1_288' title='bbox 507 2047 730 2077; x_wconf 70' lang='lat' dir='ltr'>arbitrerisne</span> 
     </span>
     <span class='ocr_line' id='line_1_35' title="bbox 65 2090 731 2131; baseline -0.003 -8"><span class='ocrx_word' id='word_1_289' title='bbox 65 2096 142 2130; x_wconf 63' lang='lat' dir='ltr'>etc„</span> <span class='ocrx_word' id='word_1_290' title='bbox 160 2091 220 2122; x_wconf 83' lang='lat' dir='ltr'>der</span> <span class='ocrx_word' id='word_1_291' title='bbox 232 2090 391 2122; x_wconf 89' lang='lat' dir='ltr'>Wechsel</span> <span class='ocrx_word' id='word_1_292' title='bbox 409 2091 440 2122; x_wconf 90' lang='lat' dir='ltr'>in</span> <span class='ocrx_word' id='word_1_293' title='bbox 459 2091 519 2122; x_wconf 89' lang='lat' dir='ltr'>den</span> <span class='ocrx_word' id='word_1_294' title='bbox 538 2090 667 2131; x_wconf 86' lang='lat' dir='ltr'>Frageu</span> <span class='ocrx_word' id='word_1_295' title='bbox 686 2091 731 2122; x_wconf 88' lang='lat' dir='ltr'>ist</span> 
     </span>
     <span class='ocr_line' id='line_1_36' title="bbox 67 2135 730 2176; baseline -0.002 -8"><span class='ocrx_word' id='word_1_296' title='bbox 67 2147 108 2168; x_wconf 90' lang='lat' dir='ltr'>zu</span> <span class='ocrx_word' id='word_1_297' title='bbox 130 2136 309 2175; x_wconf 85' lang='lat' dir='ltr'>beachten,</span> <span class='ocrx_word' id='word_1_298' title='bbox 337 2136 405 2176; x_wconf 86' lang='lat' dir='ltr'>vgl.</span> <span class='ocrx_word' id='word_1_299' title='bbox 428 2135 463 2174; x_wconf 86' lang='lat'>8,</span> <span class='ocrx_word' id='word_1_300' title='bbox 488 2135 547 2174; x_wconf 89' lang='lat'>32,</span> <span class='ocrx_word' id='word_1_301' title='bbox 575 2136 606 2167; x_wconf 89' lang='grc'>4.</span> <span class='ocrx_word' id='word_1_302' title='bbox 624 2154 668 2158; x_wconf 89' lang='lat'>—</span> <span class='ocrx_word' id='word_1_303' title='bbox 685 2135 730 2167; x_wconf 80' lang='lat' dir='ltr'>ad</span> 
     </span>
     <span class='ocr_line' id='line_1_37' title="bbox 65 2179 731 2225; baseline -0.002 -12"><span class='ocrx_word' id='word_1_304' title='bbox 65 2181 176 2225; x_wconf 81' lang='lat' dir='ltr'>pedes,</span> <span class='ocrx_word' id='word_1_305' title='bbox 194 2180 247 2221; x_wconf 83' lang='lat'>38,</span> <span class='ocrx_word' id='word_1_306' title='bbox 265 2180 316 2221; x_wconf 88' lang='lat'>26,</span> <span class='ocrx_word' id='word_1_307' title='bbox 337 2179 371 2211; x_wconf 84' lang='lat'>3:</span> <span class='ocrx_word' id='word_1_308' title='bbox 390 2181 657 2222; x_wconf 73' lang='lat' dir='ltr'>equitatum—ad</span> <span class='ocrx_word' id='word_1_309' title='bbox 671 2192 731 2224; x_wconf 88' lang='lat' dir='ltr'>pe-</span> 
     </span>
     <span class='ocr_line' id='line_1_38' title="bbox 69 2224 731 2267; baseline -0.002 -8"><span class='ocrx_word' id='word_1_310' title='bbox 69 2226 127 2259; x_wconf 78' lang='lat' dir='ltr'>des</span> <span class='ocrx_word' id='word_1_311' title='bbox 144 2225 343 2264; x_wconf 69' lang='lat' dir='ltr'>deductmn,</span> <span class='ocrx_word' id='word_1_312' title='bbox 364 2225 417 2264; x_wconf 85' lang='lat'>29,</span> <span class='ocrx_word' id='word_1_313' title='bbox 436 2224 467 2265; x_wconf 87' lang='lat'>2,</span> <span class='ocrx_word' id='word_1_314' title='bbox 488 2225 545 2256; x_wconf 80' lang='lat'>14:</span> <span class='ocrx_word' id='word_1_315' title='bbox 565 2228 731 2267; x_wconf 79' lang='lat' dir='ltr'>equitibus</span> 
     </span>
     <span class='ocr_line' id='line_1_39' title="bbox 69 2269 732 2315; baseline -0.003 -11"><span class='ocrx_word' id='word_1_316' title='bbox 69 2271 115 2304; x_wconf 84' lang='lat' dir='ltr'>ad</span> <span class='ocrx_word' id='word_1_317' title='bbox 134 2271 238 2315; x_wconf 79' lang='lat' dir='ltr'>pedes</span> <span class='ocrx_word' id='word_1_318' title='bbox 261 2271 453 2313; x_wconf 63' lang='lat' dir='ltr'>degressisg</span> <span class='ocrx_word' id='word_1_319' title='bbox 485 2269 521 2308; x_wconf 90' lang='lat'>3,</span> <span class='ocrx_word' id='word_1_320' title='bbox 551 2270 610 2311; x_wconf 89' lang='lat'>62,</span> <span class='ocrx_word' id='word_1_321' title='bbox 640 2271 670 2302; x_wconf 90' lang='grc'>8.</span> <span class='ocrx_word' id='word_1_322' title='bbox 689 2290 732 2294; x_wconf 93' lang='lat'>——</span> 
     </span>
     <span class='ocr_line' id='line_1_40' title="bbox 68 2314 598 2358; baseline -0.006 -9"><span class='ocrx_word' id='word_1_323' title='bbox 68 2327 212 2358; x_wconf 83' lang='lat' dir='ltr'>ecquem,</span> <span class='ocrx_word' id='word_1_324' title='bbox 229 2317 291 2347; x_wconf 85' lang='lat' dir='ltr'>wie</span> <span class='ocrx_word' id='word_1_325' title='bbox 304 2315 427 2356; x_wconf 76' lang='lat' dir='ltr'>nullus,</span> <span class='ocrx_word' id='word_1_326' title='bbox 445 2316 475 2354; x_wconf 91' lang='lat'>6,</span> <span class='ocrx_word' id='word_1_327' title='bbox 497 2314 549 2355; x_wconf 85' lang='lat'>18,</span> <span class='ocrx_word' id='word_1_328' title='bbox 567 2314 598 2346; x_wconf 84' lang='grc'>8.</span> 
     </span>
    </p>

    <p class='ocr_par' dir='ltr' id='par_1_5' title="bbox 67 2357 736 2675">
     <span class='ocr_line' id='line_1_41' title="bbox 113 2357 732 2401; baseline -0.005 -7"><span class='ocrx_word' id='word_1_329' title='bbox 113 2357 182 2394; x_wconf 74' lang='grc'>41.</span> <span class='ocrx_word' id='word_1_330' title='bbox 218 2360 302 2392; x_wconf 85' lang='lat'>1-2.</span> <span class='ocrx_word' id='word_1_331' title='bbox 327 2361 522 2393; x_wconf 69' lang='lat' dir='ltr'>‘militariter</span> <span class='ocrx_word' id='word_1_332' title='bbox 542 2370 616 2401; x_wconf 54' lang='lat' dir='ltr'>gru,</span> <span class='ocrx_word' id='word_1_333' title='bbox 641 2360 732 2392; x_wconf 87' lang='lat' dir='ltr'>wiir-</span> 
     </span>
     <span class='ocr_line' id='line_1_42' title="bbox 69 2404 732 2447; baseline -0.003 -9"><span class='ocrx_word' id='word_1_334' title='bbox 69 2407 122 2447; x_wconf 84' lang='lat' dir='ltr'>dig</span> <span class='ocrx_word' id='word_1_335' title='bbox 140 2407 220 2438; x_wconf 85' lang='lat' dir='ltr'>nach</span> <span class='ocrx_word' id='word_1_336' title='bbox 239 2406 450 2447; x_wconf 75' lang='lat' dir='ltr'>Hriegerart,</span> <span class='ocrx_word' id='word_1_337' title='bbox 475 2405 509 2446; x_wconf 90' lang='lat'>3,</span> <span class='ocrx_word' id='word_1_338' title='bbox 530 2405 589 2445; x_wconf 74' lang='lat'>29,</span> <span class='ocrx_word' id='word_1_339' title='bbox 615 2404 652 2444; x_wconf 80' lang='lat'>33</span> <span class='ocrx_word' id='word_1_340' title='bbox 678 2405 732 2443; x_wconf 87' lang='lat'>39,</span> 
     </span>
     <span class='ocr_line' id='line_1_43' title="bbox 68 2451 732 2493; baseline -0.003 -10"><span class='ocrx_word' id='word_1_341' title='bbox 68 2452 128 2493; x_wconf 87' lang='lat'>40,</span> <span class='ocrx_word' id='word_1_342' title='bbox 150 2452 200 2483; x_wconf 88' lang='lat'>10.</span> <span class='ocrx_word' id='word_1_343' title='bbox 218 2470 262 2474; x_wconf 88' lang='lat'>-—</span> <span class='ocrx_word' id='word_1_344' title='bbox 278 2463 345 2483; x_wconf 80' lang='lat' dir='ltr'>non</span> <span class='ocrx_word' id='word_1_345' title='bbox 361 2451 480 2482; x_wconf 75' lang='lat' dir='ltr'>militis</span> <span class='ocrx_word' id='word_1_346' title='bbox 496 2470 519 2473; x_wconf 85' lang='lat'>—</span> <span class='ocrx_word' id='word_1_347' title='bbox 536 2461 608 2482; x_wconf 72' lang='lat' dir='ltr'>esse</span> <span class='ocrx_word' id='word_1_348' title='bbox 625 2451 732 2481; x_wconf 92' lang='lat' dir='ltr'>invol-</span> 
     </span>
     <span class='ocr_line' id='line_1_44' title="bbox 67 2496 736 2537; baseline -0.004 -8"><span class='ocrx_word' id='word_1_349' title='bbox 67 2498 136 2529; x_wconf 88' lang='lat' dir='ltr'>virt</span> <span class='ocrx_word' id='word_1_350' title='bbox 153 2497 301 2537; x_wconf 80' lang='lat' dir='ltr'>zugleich</span> <span class='ocrx_word' id='word_1_351' title='bbox 317 2498 376 2528; x_wconf 87' lang='lat' dir='ltr'>den</span> <span class='ocrx_word' id='word_1_352' title='bbox 388 2496 501 2528; x_wconf 82' lang='lat' dir='ltr'>Grund</span> <span class='ocrx_word' id='word_1_353' title='bbox 519 2496 576 2526; x_wconf 82' lang='lat' dir='ltr'>des</span> <span class='ocrx_word' id='word_1_354' title='bbox 595 2497 736 2527; x_wconf 88' lang='lat' dir='ltr'>vorher-</span> 
     </span>
     <span class='ocr_line' id='line_1_45' title="bbox 71 2541 734 2582; baseline -0.002 -9"><span class='ocrx_word' id='word_1_355' title='bbox 71 2543 143 2582; x_wconf 86' lang='lat' dir='ltr'>geh.</span> <span class='ocrx_word' id='word_1_356' title='bbox 163 2541 378 2574; x_wconf 80' lang='lat' dir='ltr'>Gedankens:</span> <span class='ocrx_word' id='word_1_357' title='bbox 399 2553 436 2573; x_wconf 83' lang='lat' dir='ltr'>se</span> <span class='ocrx_word' id='word_1_358' title='bbox 453 2544 653 2573; x_wconf 65' lang='lat' dir='ltr'>existimare</span> <span class='ocrx_word' id='word_1_359' title='bbox 668 2552 734 2573; x_wconf 80' lang='lat' dir='ltr'>non</span> 
     </span>
     <span class='ocr_line' id='line_1_46' title="bbox 71 2586 736 2630; baseline -0.002 -12"><span class='ocrx_word' id='word_1_360' title='bbox 71 2597 187 2630; x_wconf 79' lang='lat' dir='ltr'>posse,</span> <span class='ocrx_word' id='word_1_361' title='bbox 211 2598 290 2618; x_wconf 83' lang='lat' dir='ltr'>nam</span> <span class='ocrx_word' id='word_1_362' title='bbox 307 2598 374 2619; x_wconf 85' lang='lat' dir='ltr'>non</span> <span class='ocrx_word' id='word_1_363' title='bbox 392 2598 466 2618; x_wconf 80' lang='lat' dir='ltr'>esse</span> <span class='ocrx_word' id='word_1_364' title='bbox 482 2586 598 2617; x_wconf 74' lang='lat' dir='ltr'>militis</span> <span class='ocrx_word' id='word_1_365' title='bbox 617 2586 657 2618; x_wconf 87' lang='lat' dir='ltr'>de</span> <span class='ocrx_word' id='word_1_366' title='bbox 673 2588 736 2618; x_wconf 82' lang='lat' dir='ltr'>im-</span> 
     </span>
     <span class='ocr_line' id='line_1_47' title="bbox 70 2633 733 2675; baseline -0.002 -12"><span class='ocrx_word' id='word_1_367' title='bbox 70 2635 226 2675; x_wconf 78' lang='lat' dir='ltr'>peratore</span> <span class='ocrx_word' id='word_1_368' title='bbox 244 2637 307 2664; x_wconf 84' lang='lat' dir='ltr'>etc.</span> <span class='ocrx_word' id='word_1_369' title='bbox 326 2650 367 2656; x_wconf 79' lang='lat'>—</span> <span class='ocrx_word' id='word_1_370' title='bbox 386 2633 684 2672; x_wconf 73' lang='lat' dir='ltr'>eoez&#39;stimationem,</span> <span class='ocrx_word' id='word_1_371' title='bbox 705 2642 733 2663; x_wconf 89' lang='lat' dir='ltr'>c.</span> 
     </span>
    </p>
   </div>
   <div class='ocr_carea' id='block_1_5' title="bbox 799 1636 1473 2673">
    <p class='ocr_par' dir='ltr' id='par_1_6' title="bbox 802 1636 1469 1819">
     <span class='ocr_line' id='line_1_48' title="bbox 802 1636 1467 1681; baseline -0.006 -11"><span class='ocrx_word' id='word_1_372' title='bbox 802 1639 861 1678; x_wconf 85' lang='lat'>20,</span> <span class='ocrx_word' id='word_1_373' title='bbox 881 1638 911 1670; x_wconf 87' lang='lat'>8.</span> <span class='ocrx_word' id='word_1_374' title='bbox 928 1657 972 1660; x_wconf 96' lang='lat'><strong>—</strong></span> <span class='ocrx_word' id='word_1_375' title='bbox 986 1648 1064 1681; x_wconf 76' lang='lat' dir='ltr'>pop.</span> <span class='ocrx_word' id='word_1_376' title='bbox 1082 1637 1198 1677; x_wconf 55' lang='lat' dir='ltr'>Rom„</span> <span class='ocrx_word' id='word_1_377' title='bbox 1227 1636 1294 1676; x_wconf 84' lang='lat' dir='ltr'>vgl.</span> <span class='ocrx_word' id='word_1_378' title='bbox 1319 1637 1467 1675; x_wconf 77' lang='lat' dir='ltr'>dagegen</span> 
     </span>
     <span class='ocr_line' id='line_1_49' title="bbox 803 1683 1468 1723; baseline -0.005 -8"><span class='ocrx_word' id='word_1_379' title='bbox 803 1684 856 1723; x_wconf 88' lang='lat'>26,</span> <span class='ocrx_word' id='word_1_380' title='bbox 875 1683 905 1722; x_wconf 90' lang='grc'>2,</span> <span class='ocrx_word' id='word_1_381' title='bbox 924 1684 958 1714; x_wconf 81' lang='lat'>9:</span> <span class='ocrx_word' id='word_1_382' title='bbox 977 1684 1153 1721; x_wconf 70' lang='lat' dir='ltr'>neminem,</span> <span class='ocrx_word' id='word_1_383' title='bbox 1170 1692 1243 1713; x_wconf 76' lang='lat' dir='ltr'>cum</span> <span class='ocrx_word' id='word_1_384' title='bbox 1257 1683 1468 1723; x_wconf 77' lang='lat' dir='ltr'>svff&#39;ragimn</span> 
     </span>
     <span class='ocr_line' id='line_1_50' title="bbox 802 1728 1469 1770; baseline -0.004 -10"><span class='ocrx_word' id='word_1_385' title='bbox 802 1732 905 1767; x_wconf 74' lang='lat' dir='ltr'>ineat,</span> <span class='ocrx_word' id='word_1_386' title='bbox 923 1731 1007 1760; x_wconf 76' lang='lat' dir='ltr'>satis</span> <span class='ocrx_word' id='word_1_387' title='bbox 1025 1738 1173 1768; x_wconf 75' lang='lat' dir='ltr'>eernere,</span> <span class='ocrx_word' id='word_1_388' title='bbox 1191 1729 1246 1759; x_wconf 73' lang='lat' dir='ltr'>cui</span> <span class='ocrx_word' id='word_1_389' title='bbox 1259 1728 1469 1770; x_wconf 68' lang='lat' dir='ltr'>imperium-</span> 
     </span>
     <span class='ocr_line' id='line_1_51' title="bbox 802 1771 1356 1819; baseline -0.007 -13"><span class='ocrx_word' id='word_1_390' title='bbox 802 1777 988 1819; x_wconf 75' lang='lat' dir='ltr'>permittat.</span> <span class='ocrx_word' id='word_1_391' title='bbox 1003 1791 1047 1796; x_wconf 83' lang='lat'>—-</span> <span class='ocrx_word' id='word_1_392' title='bbox 1060 1776 1181 1811; x_wconf 62' lang='lat' dir='ltr'>comit„</span> <span class='ocrx_word' id='word_1_393' title='bbox 1200 1773 1230 1811; x_wconf 85' lang='lat'>2,</span> <span class='ocrx_word' id='word_1_394' title='bbox 1252 1771 1305 1812; x_wconf 87' lang='lat'>36,</span> <span class='ocrx_word' id='word_1_395' title='bbox 1324 1772 1356 1803; x_wconf 90' lang='lat'>2.</span> 
     </span>
    </p>

    <p class='ocr_par' dir='ltr' id='par_1_7' title="bbox 799 1816 1473 2673">
     <span class='ocr_line' id='line_1_52' title="bbox 849 1816 1469 1862; baseline -0.005 -12"><span class='ocrx_word' id='word_1_396' title='bbox 849 1819 880 1851; x_wconf 88' lang='lat'>3.</span> <span class='ocrx_word' id='word_1_397' title='bbox 912 1818 1131 1862; x_wconf 76' lang='lat' dir='ltr'>pensitanda,</span> <span class='ocrx_word' id='word_1_398' title='bbox 1161 1828 1223 1849; x_wconf 85' lang='lat' dir='ltr'>von</span> <span class='ocrx_word' id='word_1_399' title='bbox 1243 1817 1359 1848; x_wconf 84' lang='lat' dir='ltr'>Cicero</span> <span class='ocrx_word' id='word_1_400' title='bbox 1385 1816 1469 1847; x_wconf 85' lang='lat' dir='ltr'>wird</span> 
     </span>
     <span class='ocr_line' id='line_1_53' title="bbox 799 1861 1469 1908; baseline -0.007 -12"><span class='ocrx_word' id='word_1_401' title='bbox 799 1866 974 1908; x_wconf 77' lang='lat' dir='ltr'>pensitare</span> <span class='ocrx_word' id='word_1_402' title='bbox 997 1874 1058 1894; x_wconf 87' lang='lat' dir='ltr'>nur</span> <span class='ocrx_word' id='word_1_403' title='bbox 1081 1864 1110 1894; x_wconf 93' lang='lat' dir='ltr'>in</span> <span class='ocrx_word' id='word_1_404' title='bbox 1136 1864 1207 1894; x_wconf 87' lang='lat' dir='ltr'>dem</span> <span class='ocrx_word' id='word_1_405' title='bbox 1237 1861 1469 1901; x_wconf 78' lang='lat' dir='ltr'>eigentlichen,</span> 
     </span>
     <span class='ocr_line' id='line_1_54' title="bbox 802 1906 1472 1950; baseline -0.007 -9"><span class='ocrx_word' id='word_1_406' title='bbox 802 1921 866 1941; x_wconf 88' lang='lat' dir='ltr'>von</span> <span class='ocrx_word' id='word_1_407' title='bbox 886 1909 922 1941; x_wconf 90' lang='lat' dir='ltr'>L.</span> <span class='ocrx_word' id='word_1_408' title='bbox 943 1910 1006 1940; x_wconf 89' lang='lat' dir='ltr'>und</span> <span class='ocrx_word' id='word_1_409' title='bbox 1025 1908 1188 1950; x_wconf 67' lang='lat' dir='ltr'>Sp&#39;ziteren</span> <span class='ocrx_word' id='word_1_410' title='bbox 1212 1908 1293 1938; x_wconf 86' lang='lat' dir='ltr'>auch</span> <span class='ocrx_word' id='word_1_411' title='bbox 1312 1907 1353 1937; x_wconf 91' lang='lat' dir='ltr'>im</span> <span class='ocrx_word' id='word_1_412' title='bbox 1372 1906 1472 1937; x_wconf 87' lang='lat' dir='ltr'>iiber-</span> 
     </span>
     <span class='ocr_line' id='line_1_55' title="bbox 803 1952 1470 1995; baseline -0.007 -9"><span class='ocrx_word' id='word_1_413' title='bbox 803 1960 963 1995; x_wconf 81' lang='lat' dir='ltr'>tragcnen</span> <span class='ocrx_word' id='word_1_414' title='bbox 983 1954 1098 1985; x_wconf 87' lang='lat' dir='ltr'>Sinne:</span> <span class='ocrx_word' id='word_1_415' title='bbox 1116 1953 1282 1992; x_wconf 76' lang='lat' dir='ltr'>abw&#39;agen,</span> <span class='ocrx_word' id='word_1_416' title='bbox 1303 1952 1470 1992; x_wconf 73' lang='lat' dir='ltr'>erwiigen,</span> 
     </span>
     <span class='ocr_line' id='line_1_56' title="bbox 802 1997 1471 2040; baseline -0.007 -9"><span class='ocrx_word' id='word_1_417' title='bbox 802 2000 981 2040; x_wconf 81' lang='lat' dir='ltr'>iiberlegen</span> <span class='ocrx_word' id='word_1_418' title='bbox 997 1999 1190 2039; x_wconf 74' lang='lat' dir='ltr'>gebraucht,</span> <span class='ocrx_word' id='word_1_419' title='bbox 1206 1997 1471 2039; x_wconf 79' lang='lat' dir='ltr'>quoquescheint</span> 
     </span>
     <span class='ocr_line' id='line_1_57' title="bbox 804 2042 1471 2085; baseline -0.006 -9"><span class='ocrx_word' id='word_1_420' title='bbox 804 2043 1017 2085; x_wconf 82' lang='lat' dir='ltr'>hinzugefiigt</span> <span class='ocrx_word' id='word_1_421' title='bbox 1031 2044 1093 2074; x_wconf 89' lang='lat' dir='ltr'>wie</span> <span class='ocrx_word' id='word_1_422' title='bbox 1113 2043 1140 2084; x_wconf 90' lang='lat'>3,</span> <span class='ocrx_word' id='word_1_423' title='bbox 1160 2043 1214 2082; x_wconf 86' lang='lat'>45,</span> <span class='ocrx_word' id='word_1_424' title='bbox 1233 2042 1269 2081; x_wconf 90' lang='lat'>6,</span> <span class='ocrx_word' id='word_1_425' title='bbox 1288 2042 1394 2073; x_wconf 87' lang='lat' dir='ltr'>indem</span> <span class='ocrx_word' id='word_1_426' title='bbox 1412 2042 1471 2072; x_wconf 86' lang='lat' dir='ltr'>der</span> 
     </span>
     <span class='ocr_line' id='line_1_58' title="bbox 803 2087 1470 2130; baseline -0.007 -8"><span class='ocrx_word' id='word_1_427' title='bbox 803 2090 976 2122; x_wconf 85' lang='lat' dir='ltr'>Gedanke:</span> <span class='ocrx_word' id='word_1_428' title='bbox 991 2088 1200 2130; x_wconf 83' lang='lat' dir='ltr'>geschweige</span> <span class='ocrx_word' id='word_1_429' title='bbox 1214 2088 1290 2119; x_wconf 82' lang='lat' dir='ltr'>dass</span> <span class='ocrx_word' id='word_1_430' title='bbox 1299 2097 1371 2118; x_wconf 84' lang='lat' dir='ltr'>man</span> <span class='ocrx_word' id='word_1_431' title='bbox 1388 2087 1470 2118; x_wconf 87' lang='lat' dir='ltr'>ohne</span> 
     </span>
     <span class='ocr_line' id='line_1_59' title="bbox 803 2130 1470 2174; baseline -0.009 -6"><span class='ocrx_word' id='word_1_432' title='bbox 803 2136 1045 2174; x_wconf 74' lang='lat' dir='ltr'>Ueberlegung,</span> <span class='ocrx_word' id='word_1_433' title='bbox 1058 2144 1117 2165; x_wconf 85' lang='lat' dir='ltr'>aus</span> <span class='ocrx_word' id='word_1_434' title='bbox 1133 2134 1203 2165; x_wconf 87' lang='lat' dir='ltr'>dem</span> <span class='ocrx_word' id='word_1_435' title='bbox 1215 2130 1382 2172; x_wconf 82' lang='lat' dir='ltr'>Stegreife</span> <span class='ocrx_word' id='word_1_436' title='bbox 1400 2132 1470 2163; x_wconf 82' lang='lat' dir='ltr'>sich</span> 
     </span>
     <span class='ocr_line' id='line_1_60' title="bbox 803 2178 1471 2217; baseline -0.007 -5"><span class='ocrx_word' id='word_1_437' title='bbox 803 2181 947 2213; x_wconf 84' lang='lat' dir='ltr'>dariiber</span> <span class='ocrx_word' id='word_1_438' title='bbox 961 2180 1114 2211; x_wconf 68' lang='lat' dir='ltr'>erkli‘iren</span> <span class='ocrx_word' id='word_1_439' title='bbox 1134 2179 1269 2217; x_wconf 67' lang='lat' dir='ltr'>kiinnte,</span> <span class='ocrx_word' id='word_1_440' title='bbox 1288 2188 1328 2208; x_wconf 93' lang='lat' dir='ltr'>zu</span> <span class='ocrx_word' id='word_1_441' title='bbox 1348 2178 1471 2217; x_wconf 73' lang='lat' dir='ltr'>ergiin-</span> 
     </span>
     <span class='ocr_line' id='line_1_61' title="bbox 805 2222 1470 2265; baseline -0.009 -7"><span class='ocrx_word' id='word_1_442' title='bbox 805 2238 864 2258; x_wconf 89' lang='lat' dir='ltr'>zen</span> <span class='ocrx_word' id='word_1_443' title='bbox 889 2226 942 2257; x_wconf 91' lang='lat' dir='ltr'>ist.</span> <span class='ocrx_word' id='word_1_444' title='bbox 977 2225 1024 2256; x_wconf 90' lang='lat' dir='ltr'>Da</span> <span class='ocrx_word' id='word_1_445' title='bbox 1054 2225 1105 2256; x_wconf 88' lang='lat' dir='ltr'>ein</span> <span class='ocrx_word' id='word_1_446' title='bbox 1138 2224 1311 2265; x_wconf 84' lang='lat' dir='ltr'>doppelter</span> <span class='ocrx_word' id='word_1_447' title='bbox 1335 2222 1470 2262; x_wconf 83' lang='lat' dir='ltr'>Gegen-</span> 
     </span>
     <span class='ocr_line' id='line_1_62' title="bbox 804 2266 1470 2303; baseline -0.009 0"><span class='ocrx_word' id='word_1_448' title='bbox 804 2276 877 2303; x_wconf 82' lang='lat' dir='ltr'>satz</span> <span class='ocrx_word' id='word_1_449' title='bbox 901 2274 984 2302; x_wconf 79' lang='lat' dir='ltr'>statt</span> <span class='ocrx_word' id='word_1_450' title='bbox 1006 2270 1124 2301; x_wconf 79' lang='lat' dir='ltr'>findet:</span> <span class='ocrx_word' id='word_1_451' title='bbox 1154 2268 1387 2300; x_wconf 86' lang='lat' dir='ltr'>unmittelbare</span> <span class='ocrx_word' id='word_1_452' title='bbox 1406 2266 1470 2297; x_wconf 86' lang='lat' dir='ltr'>Er-</span> 
     </span>
     <span class='ocr_line' id='line_1_63' title="bbox 803 2313 1468 2356; baseline -0.011 -8"><span class='ocrx_word' id='word_1_453' title='bbox 803 2317 947 2356; x_wconf 72' lang='lat' dir='ltr'>kliirung</span> <span class='ocrx_word' id='word_1_454' title='bbox 964 2316 1028 2346; x_wconf 91' lang='lat' dir='ltr'>und</span> <span class='ocrx_word' id='word_1_455' title='bbox 1046 2313 1242 2355; x_wconf 72' lang='lat' dir='ltr'>sorgfziltige</span> <span class='ocrx_word' id='word_1_456' title='bbox 1261 2313 1468 2351; x_wconf 63' lang='lat' dir='ltr'>Erwiigung:</span> 
     </span>
     <span class='ocr_line' id='line_1_64' title="bbox 806 2355 1471 2403; baseline -0.011 -10"><span class='ocrx_word' id='word_1_457' title='bbox 806 2361 1039 2403; x_wconf 83' lang='lat' dir='ltr'>Sempronius,</span> <span class='ocrx_word' id='word_1_458' title='bbox 1069 2361 1120 2391; x_wconf 86' lang='lat' dir='ltr'>ein</span> <span class='ocrx_word' id='word_1_459' title='bbox 1145 2357 1313 2390; x_wconf 82' lang='lat' dir='ltr'>eiufacher</span> <span class='ocrx_word' id='word_1_460' title='bbox 1330 2355 1471 2396; x_wconf 79' lang='lat' dir='ltr'>Hriegs-</span> 
     </span>
     <span class='ocr_line' id='line_1_65' title="bbox 805 2402 1472 2447; baseline -0.009 -9"><span class='ocrx_word' id='word_1_461' title='bbox 805 2417 912 2447; x_wconf 83' lang='lat' dir='ltr'>mann,</span> <span class='ocrx_word' id='word_1_462' title='bbox 937 2407 1002 2437; x_wconf 86' lang='lat' dir='ltr'>und</span> <span class='ocrx_word' id='word_1_463' title='bbox 1026 2404 1302 2444; x_wconf 77' lang='lat' dir='ltr'>ausgezeiehnete</span> <span class='ocrx_word' id='word_1_464' title='bbox 1319 2402 1472 2433; x_wconf 64' lang='lat' dir='ltr'>militi-iri-</span> 
     </span>
     <span class='ocr_line' id='line_1_66' title="bbox 806 2449 1470 2490; baseline -0.011 -6"><span class='ocrx_word' id='word_1_465' title='bbox 806 2453 882 2484; x_wconf 84' lang='lat' dir='ltr'>sehe</span> <span class='ocrx_word' id='word_1_466' title='bbox 902 2451 1042 2490; x_wconf 88' lang='lat' dir='ltr'>Genies,</span> <span class='ocrx_word' id='word_1_467' title='bbox 1072 2461 1108 2481; x_wconf 83' lang='lat' dir='ltr'>so</span> <span class='ocrx_word' id='word_1_468' title='bbox 1132 2449 1256 2480; x_wconf 85' lang='lat' dir='ltr'>konute</span> <span class='ocrx_word' id='word_1_469' title='bbox 1280 2458 1406 2489; x_wconf 81' lang='lat' dir='ltr'>quoque</span> <span class='ocrx_word' id='word_1_470' title='bbox 1431 2457 1470 2477; x_wconf 94' lang='lat' dir='ltr'>zu</span> 
     </span>
     <span class='ocr_line' id='line_1_67' title="bbox 806 2490 1472 2532; baseline -0.011 -3"><span class='ocrx_word' id='word_1_471' title='bbox 806 2498 878 2528; x_wconf 84' lang='lat' dir='ltr'>dein</span> <span class='ocrx_word' id='word_1_472' title='bbox 911 2497 1006 2528; x_wconf 88' lang='lat' dir='ltr'>einen</span> <span class='ocrx_word' id='word_1_473' title='bbox 1048 2496 1129 2526; x_wconf 88' lang='lat' dir='ltr'>oder</span> <span class='ocrx_word' id='word_1_474' title='bbox 1168 2494 1315 2524; x_wconf 85' lang='lat' dir='ltr'>anderen</span> <span class='ocrx_word' id='word_1_475' title='bbox 1356 2490 1472 2532; x_wconf 82' lang='lat' dir='ltr'>geffigt</span> 
     </span>
     <span class='ocr_line' id='line_1_68' title="bbox 806 2537 1470 2582; baseline -0.011 -9"><span class='ocrx_word' id='word_1_476' title='bbox 806 2542 958 2582; x_wconf 83' lang='lat' dir='ltr'>werden,</span> <span class='ocrx_word' id='word_1_477' title='bbox 988 2541 1051 2572; x_wconf 89' lang='lat' dir='ltr'>und</span> <span class='ocrx_word' id='word_1_478' title='bbox 1076 2540 1136 2570; x_wconf 86' lang='lat' dir='ltr'>wir</span> <span class='ocrx_word' id='word_1_479' title='bbox 1160 2538 1294 2569; x_wconf 70' lang='lat' dir='ltr'>wiirden</span> <span class='ocrx_word' id='word_1_480' title='bbox 1324 2547 1378 2574; x_wconf 85' lang='lat' dir='ltr'>es,</span> <span class='ocrx_word' id='word_1_481' title='bbox 1408 2537 1470 2567; x_wconf 83' lang='lat' dir='ltr'>wie</span> 
     </span>
     <span class='ocr_line' id='line_1_69' title="bbox 806 2581 1473 2625; baseline -0.012 -6"><span class='ocrx_word' id='word_1_482' title='bbox 806 2587 887 2619; x_wconf 86' lang='lat' dir='ltr'>Reiz</span> <span class='ocrx_word' id='word_1_483' title='bbox 901 2596 1016 2624; x_wconf 59' lang='lat' dir='ltr'>verm„</span> <span class='ocrx_word' id='word_1_484' title='bbox 1035 2585 1114 2615; x_wconf 85' lang='lat' dir='ltr'>nach</span> <span class='ocrx_word' id='word_1_485' title='bbox 1129 2584 1276 2625; x_wconf 77' lang='lat' dir='ltr'>magnis,</span> <span class='ocrx_word' id='word_1_486' title='bbox 1294 2583 1378 2613; x_wconf 83' lang='lat' dir='ltr'>dann</span> <span class='ocrx_word' id='word_1_487' title='bbox 1393 2581 1473 2612; x_wconf 83' lang='lat' dir='ltr'>aber</span> 
     </span>
     <span class='ocr_line' id='line_1_70' title="bbox 807 2628 1473 2673; baseline -0.011 -9"><span class='ocrx_word' id='word_1_488' title='bbox 807 2633 889 2663; x_wconf 85' lang='lat' dir='ltr'>auch</span> <span class='ocrx_word' id='word_1_489' title='bbox 907 2632 1042 2673; x_wconf 80' lang='lat' dir='ltr'>magnis</span> <span class='ocrx_word' id='word_1_490' title='bbox 1056 2639 1183 2671; x_wconf 79' lang='lat' dir='ltr'>quoque</span> <span class='ocrx_word' id='word_1_491' title='bbox 1200 2630 1268 2669; x_wconf 73' lang='lat' dir='ltr'>ing.</span> <span class='ocrx_word' id='word_1_492' title='bbox 1283 2637 1345 2659; x_wconf 85' lang='lat' dir='ltr'>vor</span> <span class='ocrx_word' id='word_1_493' title='bbox 1359 2628 1473 2671; x_wconf 79' lang='lat' dir='ltr'>pensi-</span> 
     </span>
    </p>
   </div>
   <div class='ocr_carea' id='block_1_6' title="bbox 1380 205 1514 258">
    <p class='ocr_par' dir='ltr' id='par_1_8' title="bbox 1380 205 1514 258">
     <span class='ocr_line' id='line_1_71' title="bbox 1380 205 1514 258; baseline -0.007 -13"><span class='ocrx_word' id='word_1_494' title='bbox 1380 205 1462 245; x_wconf 83' lang='lat'>219</span> <span class='ocrx_word' id='word_1_495' title='bbox 1511 255 1514 258; x_wconf 10' lang='grc' dir='ltr'><em>Α</em></span> 
     </span>
    </p>
   </div>
   <div class='ocr_carea' id='block_1_7' title="bbox 1499 1384 1518 1416">
    <p class='ocr_par' dir='ltr' id='par_1_9' title="bbox 1499 1384 1518 1416">
     <span class='ocr_line' id='line_1_72' title="bbox 1499 1384 1518 1416; baseline 0 0"><span class='ocrx_word' id='word_1_496' title='bbox 1499 1384 1518 1416; x_wconf 87' lang='grc'><strong>3</strong></span> 
     </span>
    </p>
   </div>
  </div>
 </body>
</html>
