1698 2864
89 256 115 276 a.
137 248 192 278 ch.
213 249 273 276 458.
546 236 674 270 LIBER
691 236 744 270 111.
785 236 878 269 CAP.
897 237 950 269 25.
971 236 1024 270 26.
1435 237 1484 275 51

96 343 193 383 bello
222 341 534 395 persequebatur.
576 353 664 380 cum
690 339 890 392 Verginius
912 337 1078 378 maxime
1099 351 1143 377 ex
1164 338 1328 378 tribunis
1351 338 1397 378 de
1418 338 1533 389 lege4

98 413 186 452 agel
189 405 236 447 et
266 399 384 438 duum
414 410 595 436 mensum
619 397 787 449 spatium
816 395 1041 436 consulibus
1071 395 1204 434 datum
1227 400 1287 434 est
1306 396 1352 434 ad
1374 395 1500 446 inspi-

97 456 269 496 ciendam
297 455 437 506 legem,
465 460 507 494 ut
539 467 624 493 cum
644 453 893 493 edocuissent
912 451 1121 504 populum,
1152 451 1240 502 quid
1262 451 1409 490 fraudis
1432 464 1499 490 oc-

97 513 217 554 cultae
244 511 424 557 ferretur,
457 511 628 550 sinerent
657 510 793 550 deinde
824 509 1048 559 suffragium
1077 507 1185 546 inire.
1227 507 1302 546 boc
1317 507 1502 547 intervalli

96 569 227 609 datum
248 580 309 608 res
330 567 585 620 tranquillas
576 580 616 606 in
638 567 730 606 urbe
751 566 850 606 fecit.
892 578 963 605 nec
992 565 1216 604 diuturnam
1239 564 1406 615 quietem
1429 565 1552 603 Ae-5

97 626 160 678 qui
190 625 397 673 dederunt,
427 625 490 688 qui
517 629 634 687 nupto
659 624 835 671 foedere,
864 622 967 674 quod
996 622 1116 661 ictum
1145 625 1225 660 erat
1251 621 1379 672 priore
1401 632 1504 659 anno

98 695 185 723 cum
202 682 402 730 Romanis,
425 682 630 745 imperium
648 681 694 721 ad
712 681 928 735 Gracchum
946 678 1131 718 Cloelium
1150 678 1336 717 deferunt.
1373 677 1405 716 is
1422 682 1504 716 tum

98 740 212 790 longe
245 739 427 803 princeps
461 739 499 777 in
536 738 678 789 Aequis
716 743 809 777 erat.
862 735 1035 776 Graccho
1073 735 1168 774 duce
1203 734 1241 773 in
1271 734 1505 773 Labicanum
1536 743 1555 775 6

99 808 246 848 agrum,
269 796 357 835 inde
379 796 417 835 in
441 795 702 835 Tusculanum
720 793 851 834 hostili
868 792 1122 845 populatione
1139 791 1306 838 veniunt,
1328 791 1507 842 plenique

99 852 262 905 praedae
290 852 328 892 in
349 852 483 903 Algido
506 857 627 891 castra
657 852 795 891 locant.
846 851 882 889 in
917 863 960 889 ea
986 854 1110 888 castra
1133 848 1177 896 Q.
1200 847 1342 887 Fabius
1364 847 1406 886 P.
1429 847 1507 885 Vo-

98 909 268 950 lumnius
290 910 334 948 A.
363 908 590 948 Postumius
612 908 721 960 legati
738 908 784 947 ab
806 907 927 946 Roma
948 910 1134 945 venerunt
1151 909 1331 968 questum
1349 903 1507 943 iniurias

100 972 138 1006 et
158 979 201 1005 ex
227 967 297 1016 [eo]
320 965 475 1005 foedere
493 968 554 1004 res
576 965 793 1016 repetitum.
835 977 901 1002 eos
924 965 1146 1014 Aequorum
1165 974 1290 1012 1mpe1
1293 966 1390 1007 ator
1411 973 1507 1011 quae
1535 972 1553 1002 7

100 1023 278 1062 mandata
306 1022 471 1061 habeant
497 1021 543 1060 ab
566 1026 700 1060 senatu
723 1021 921 1065 Romano,
954 1020 1000 1058 ad
1030 1031 1213 1069 quercum
1236 1017 1342 1056 iubet
1363 1016 1505 1056 dicere:

99 1091 141 1118 se
166 1079 238 1118 alia
265 1078 418 1117 interim
440 1083 627 1117 acturum.
671 1089 834 1128 quercus
858 1076 993 1128 ingens
1017 1075 1133 1114 arbor
1155 1075 1351 1126 praetorio
1374 1073 1506 1111 immi--

97 1135 223 1183 nebat,
244 1135 352 1175 cuius
375 1134 511 1174 umbra
534 1146 653 1186 opaca
676 1133 787 1172 sedes
809 1138 901 1172 erat.
938 1138 1021 1172 tum
1043 1144 1088 1170 ex
1103 1131 1235 1182 legatis
1253 1142 1355 1170 unus
1373 1129 1506 1169 abiens
1538 1142 1556 1174 8

104 1197 168 1240 „et
199 1192 316 1231 haec“
343 1191 468 1243 inquit
497 1195 671 1237 „sacrata
701 1202 865 1241 quercus
894 1195 930 1228 et
959 1187 1146 1241 quidquid
1175 1188 1337 1226 deorum
1361 1191 1420 1226 est
1441 1198 1509 1226 au-

103 1249 209 1288 diant
227 1248 366 1288 foedus
389 1261 409 1287 a
430 1247 538 1286 vobis
561 1251 732 1298 ruptum,
753 1246 977 1297 nostrisque
1000 1251 1038 1285 et
1058 1257 1163 1284 nunc
1184 1243 1360 1296 querellis
1383 1243 1511 1282 adsint

103 1311 140 1345 et
167 1317 259 1344 mox
280 1304 417 1351 armis,
448 1316 534 1343 cum
557 1304 717 1343 deorum
739 1303 1023 1354 hominumque
1046 1301 1159 1341 simul
1180 1300 1318 1340 violata
1340 1300 1421 1339 iura
1443 1313 1509 1338 ex-

104 1363 348 1413 sequemur.“
401 1361 566 1400 Romam
600 1365 644 1399 ut
678 1360 823 1399 rediere
856 1359 984 1410 legati,
1015 1363 1171 1398 senatus
1208 1357 1321 1396 iussit
1348 1357 1508 1396 alterum
1539 1369 1558 1401 9

105 1418 304 1458 consulem
328 1422 463 1456 contra
491 1416 706 1456 Gracchum
728 1416 766 1455 in
788 1415 967 1467 Algidum
992 1415 1203 1454 exercitum
1226 1414 1382 1460 ducere,
1402 1413 1509 1452 alteri

104 1474 393 1527 populationem
420 1473 553 1512 finium
587 1475 809 1524 Aequorum
841 1473 1080 1524 provinciam
1109 1471 1224 1510 dedit.
1264 1469 1409 1509 tribuni
1438 1482 1508 1509 suo

106 1543 215 1570 more
250 1530 436 1582 impedire
470 1530 669 1576 dilectum:
698 1534 735 1568 et
760 1529 923 1569 forsitan
952 1529 996 1568 ad
1026 1529 1204 1568 ultimum
1235 1527 1508 1578 impedissent:

107 1588 174 1627 sed
191 1599 315 1626 novus
333 1586 461 1626 subito
481 1586 631 1626 additus
648 1591 774 1625 terror
796 1591 867 1625 est.
904 1586 968 1625 Vis
987 1585 1216 1625 Sabinorum
1236 1584 1370 1635 ingens
1388 1596 1511 1636 prope
1536 1590 1590 1628 26

152 1677 239 1710 4-6.
266 1677 380 1718 duum,
399 1687 426 1708 s.
448 1676 474 1716 1,
494 1676 623 1717 43,11;
643 1677 672 1717 7,
692 1677 722 1717 7,
742 1676 773 1708 6.

103 1723 273 1766 -quz‘ds.‚
292 1733 318 1754 s.
337 1734 365 1754 c.
386 1721 436 1760 18,
462 1723 498 1754 6:
518 1732 587 1753 was
605 1732 643 1753 an
663 1722 772 1754 Nach-

103 1768 202 1807 thail,
220 1768 367 1800 welcher
383 1767 568 1807 Nachtheil,
588 1777 614 1799 s.
634 1768 664 1806 5,
684 1766 714 1807 2,
734 1767 771 1806 83

846 1677 882 1715 4,
902 1676 959 1708 58:
977 1676 1047 1709 ilex
1062 1678 1183 1718 urg-rae
1189 1676 1311 1718 feraci
1314 1675 1463 1717 frondis
1480 1677 1513 1706 in

844 1722 987 1764 Algsd03
1007 1723 1087 1754 nach
1108 1721 1179 1764 §8:
1197 1724 1345 1759 sacrata,
1366 1731 1393 1752 s.
1413 1721 1442 1762 1,
1464 1720 1513 1751 10.

844 1768 980 1806 umbra,
1011 1768 1112 1798 durch
1142 1768 1242 1798 deren
1273 1766 1430 1798 Schatten
1462 1766 1513 1797 ein

103 1813 146 1845 ib.
165 1813 223 1854 39,
243 1812 280 1852 63
299 1812 359 1853 30,
382 1812 429 1853 13,
452 1812 508 1844 13:
527 1813 587 1845 lzoc
604 1812 725 1844 solacii
739 1823 771 1844 u.

102 1869 133 1891 a.
150 1859 364 1901 —ferretur
382 1858 461 1889 nach
479 1858 585 1899 legem
594 1859 699 1900 serre
716 1867 772 1898 ge-

103 1908 188 1944 sagt.
205 1921 250 1927 —
267 1903 423 1944 Cloelius,
443 1913 470 1934 s.
493 1903 525 1942 1,
545 1903 604 1941 233
624 1903 659 1943 4,
679 1903 709 1934 9.
728 1921 770 1925 —

102 1949 318 1990 Labicanum,
337 1959 363 1980 s.
382 1948 412 1989 2,
428 1948 478 1987 39,
494 1948 531 1985 4;
551 1949 602 1979 die
618 1948 714 1979 stadt
727 1948 771 1979 ist

103 1994 174 2026 also
188 1995 270 2026 noch
283 1995 324 2026 im
334 1994 462 2025 Besitze
477 1993 690 2031 derLatiner,
707 1993 770 2024 wie

104 2039 277 2079 Priineste‚
296 2050 322 2071 s.
342 2050 369 2070 c.
390 2039 420 2079 8,
445 2038 464 2070 6
481 2039 548 2079 vgl.
567 2039 598 2079 4,
617 2039 671 2070 45.
705 2039 770 2070 Das

105 2085 218 2116 bdseb.
250 2084 462 2116 Lanuvz'num
496 2084 541 2116 ist
575 2084 771 2115 schwerlich

107 2130 239 2170 riehtig,
269 2130 309 2161 da
339 2129 377 2161 L.
406 2140 468 2160 nur
491 2129 609 2161 einen
634 2129 706 2170 Zug
731 2140 772 2160 zu

108 2174 273 2206 sebildern
283 2174 771 2214 scheint‚dieserabervonLa-

106 2220 170 2252 bici
193 2221 273 2252 nach
297 2219 476 2251 Tusculum
500 2219 581 2251 eben
604 2230 640 2251 so
659 2220 773 2251 natiir-

106 2265 187 2305 licb,
204 2265 254 2296 als
272 2265 368 2296 dahin
393 2275 455 2297 von
475 2264 656 2297 Lanuvium
673 2275 773 2297 uner-

106 2310 248 2342 kliirlieh
271 2310 373 2342 ware.
399 2328 442 2333 —
458 2310 564 2352 legati
584 2321 613 2341 n.
632 2308 774 2352 fetiales,

107 2366 134 2388 s.
154 2355 184 2396 1,
207 2354 260 2396 24,
284 2355 322 2394 43
342 2355 384 2387 ib.
404 2355 455 2396 32,
475 2354 505 2386 6.
524 2373 567 2378 -
584 2365 633 2395 eo,
652 2355 774 2387 ko‘nnte

107 2400 176 2432 sich
193 2398 253 2432 auf
272 2401 329 2432 das
347 2400 367 2443 ξ
386 2401 403 2431 5
423 2401 594 2432 erwh‘hnte
613 2400 774 2432 Biindniss

107 2445 283 2486 beziehen,
306 2447 352 2478 ist
375 2446 455 2477 aber
479 2446 544 2477 wol
562 2456 620 2477 aus
635 2445 776 2486 foedere

108 2491 316 2524 entstanden.
361 2491 545 2532 Uebrigens
580 2491 776 2523 wiederholt

108 2537 175 2568 sich
204 2537 278 2568 bier
307 2537 365 2568 das
390 2547 416 2569 e.
444 2537 462 2568 2
487 2536 664 2575 Erziihlte3
694 2537 774 2568 auch

109 2582 184 2614 dort
207 2582 251 2614 ist
273 2581 394 2614 Fabius
418 2582 498 2614 nach
519 2582 653 2624 Dionys.
673 2581 708 2624 9,
733 2581 775 2613 60

110 2626 309 2659 Gesandter.

155 2672 242 2704 7-9.
269 2683 426 2715 quercus,
451 2683 478 2705 s,
505 2672 581 2704 Hor.
613 2671 718 2704 Carni.
744 2673 774 2713 4,

844 1813 962 1844 kiihler
975 1812 1080 1853 Platz,
1099 1810 1366 1843 Aufenthaltsort
1379 1812 1418 1843 da
1432 1821 1514 1850 war,

843 1858 910 1898 v.gl
932 1857 992 1897 40,
1011 1857 1071 1897 22,
1099 1857 1134 1888 3:
1162 1867 1302 1900 opacum
1324 1859 1406 1888 iter·
1431 1856 1513 1887 Plin.

844 1904 904 1945 Ep.
923 1903 953 1943 5,
971 1883 1002 1942 6'‚
1021 1902 1078 1934 33:
1097 1913 1270 1946 cupresszs
1284 1904 1411 1944 tegi-tm
1428 1902 1515 1944 (lnp-

840 1948 1041 2035 pogroyrvus)
1041 1947 1201 2025 ,Ιιῗίεηεῑιξῖ
1204 1948 1518 2024 εἶαηιξναὴοραὲιοῆ.

843 2005 880 2025 se
906 2005 940 2025 es
981 2003 1043 2025 wei
1097 2003 1134 2025 er
1191 2003 1284 2024 azu
1311 2003 1347 2024 er
1370 2003 1432 2034 aup
1467 2002 1485 2023 o

843 2040 982 2071 besucht
1005 2049 1084 2070 w.ar
1103 2057 1147 2061 —
1170 2038 1278 2081 q‘.u1dq
1299 2038 1410 2079 deoru,
1435 2037 1514 2068 Hor.

844 2084 904 2126 Ep.
930 2084 967 2125 5,
994 2084 1007 2115 1
1035 2050 1187 2116 deor-amq
1200 2062 1410 2126 qui'dquzdirl
1426 2082 1515 2115 caelo

845 2131 953 2172 regin
979 2130 1020 2160 im
1044 2128 1124 2169 folg.
1143 2129 1285 2161 deorum
1302 2129 1376 2160 sind
1394 2128 1445 2160 die
1464 2128 1516 2159 bei

845 2176 918 2207 dem
935 2175 1117 2206 Abschluss
1142 2175 1200 2206 des
1220 2174 1348 2206 Bundes
1371 2183 1516 2214 angeru-

845 2219 941 2252 fenen
961 2220 1120 2260 gemeint,
1146 2220 1227 2251 oder
1244 2220 1295 2250 die
1314 2218 1516 2251 Wiederho-

846 2266 925 2306 lung
942 2266 1042 2297 durch
1062 2265 1113 2296 die
1132 2264 1265 2296 Formel
1285 2264 1332 2296 ἄϊε·
1346 2265 1516 2296 homines-

846 2322 908 2354 que
926 2310 1131 2349 ver-anlasst3
1152 2321 1224 2342 zum
1244 2309 1424 2342 Gedanken
1443 2319 1469 2340 s.
1489 2320 1517 2341 c.

847 2357 882 2394 2,
908 2357 946 2395 43
970 2356 1087 2388 adsint
1109 2356 1154 2387 ist
1175 2356 1205 2387 in
1230 2360 1335 2387 etwas
1360 2355 1515 2386 auderem

847 2402 946 2434 Siune
971 2412 1011 2432 zu
1036 2400 1192 2444 querellis
1216 2400 1265 2432 als
1292 2411 1332 2432 zu
1350 2401 1456 2432 armis
1475 2410 1515 2430 zu

847 2448 997 2479 nehmen.
1022 2465 1068 2469 -
1082 2448 1232 2490 provinc.
1254 2446 1358 2477 heisst
1375 2446 1446 2476 hier
1463 2445 1515 2475 die

844 2492 1035 2536 populatio,
1055 2502 1080 2523 S.
1101 2502 1128 2523 c.
1148 2491 1177 2532 2,
1195 2491 1225 2523 2.
1243 2509 1288 2514 —
1303 2490 1421 2531 adult„
1441 2500 1466 2521 S.
1487 2500 1514 2521 c.

848 2537 902 2575 64,
921 2537 950 2569 8.
969 2555 1013 2560 —-
1030 2536 1100 2577 sed,
1119 2547 1144 2568 s.
1163 2537 1193 2576 2,
1213 2536 1265 2576 39,
1285 2536 1315 2567 7.

893 2577 962 2615 ''26-
1002 2582 1086 2614 1—2.
1124 2581 1296 2621 Sabinoru,
1323 2581 1414 2611 diese
1444 2579 1516 2611 sind

849 2629 913 2660 seit
927 2627 992 2659 466
1006 2637 1035 2659 a.
1051 2626 1120 2666 Ch„
1140 2637 1167 2657 s.
1182 2626 1212 2665 2,
1227 2625 1279 2659 64.
1296 2625 1391 2665 ruhig
1404 2634 1516 2665 gewe-

849 2683 918 2715 sen,
932 2674 1020 2714 jetzt
1039 2672 1102 2703 wol
1122 2672 1178 2702 mit
1196 2672 1256 2702 den
1273 2671 1434 2712 Aequern,
1453 2680 1515 2702 von

1200 2726 1249 2758 4*
