1698 2864
178 158 259 197 356
755 154 1010 189 remocfflxe.

177 257 363 292 exercitum
380 258 525 291 hostium
543 258 618 290 urbi
636 258 853 299 admovisset,
872 263 905 291 et
923 258 1017 291 missi
1034 259 1074 291 ad
1089 269 1161 291 eum
1176 260 1315 301 primum
1333 261 1449 301 legati,
1468 266 1584 302 postea

176 305 370 338 sacerdotes
388 303 516 336 frustra
540 303 709 347 deprecati
734 308 857 344 essent,
883 314 923 336 ne
948 304 1069 337 bellum
1095 305 1225 347 >patriae
1252 303 1413 346 inferret,
1439 306 1583 339 Veturia

175 355 282 382 mater
299 354 332 382 et
350 349 528 382 Volumnia
551 360 637 382 uxor
664 349 933 392 impetraverunt
957 349 996 381 ab
1023 360 1073 392 eo,
1098 356 1135 383 ut
1153 351 1337 383 recederet.
1362 351 1417 383 lex
1447 352 1582 392 agraria

175 395 315 438 primum
332 395 400 427 lata
418 400 481 428 est.
509 394 650 438 Spurius
680 395 817 428 Cassius
846 395 1035 428 consularis
1064 395 1160 437 regni
1179 396 1319 428 crimine
1343 396 1516 429 damnatus
1534 402 1586 430 est

174 446 388 483 necatusque.
414 440 477 473 Ilia
501 441 599 482 virgo
625 441 776 473 Vestalis
803 441 842 472 ob
872 441 1033 473 incestum
1050 441 1130 473 viva
1148 440 1279 474 defossa
1298 446 1359 474 est.
1386 453 1459 474 cum
1476 443 1583 475 vicini

173 486 333 519 Veientes
351 487 547 518 incommodi
565 486 668 527 inagis
686 496 780 529 quam
797 497 919 528 graves
938 491 1060 529 essent,
1077 486 1205 519 familia
1219 487 1396 520 Fabiorum
1415 488 1447 520 id
1460 488 1582 520 bellum

171 533 350 574 gerendum
368 532 561 575 depoposcit
578 531 734 574 misitque
752 532 785 564 in
809 532 841 564 id
860 537 1030 564 trecentos
1055 543 1115 564 sex
1134 538 1292 575 armatos,
1316 533 1372 575 qui
1389 535 1430 565 ad
1448 534 1581 566 Creme-

172 588 240 610 ram
258 582 393 621 praeter
410 588 508 609 unum
526 577 567 609 ab
585 578 739 610 hostibus
757 577 848 610 caesi
866 582 953 610 sunt.
972 577 1097 620 Appius
1115 577 1273 610 Claudius
1288 579 1416 620 consul,
1435 589 1510 611 cum
1522 579 1581 611 ad-

174 633 293 656 versus
311 623 456 656 Vulscos
474 623 683 655 contumacia
697 624 868 656 exercitus
886 623 971 656 male
987 629 1163 666 pugnatum
1181 629 1281 665 esset,
1299 624 1459 656 decimum
1474 635 1584 667 quem-

174 679 236 712 que
253 669 399 702 militum
417 668 504 701 fuste
523 669 699 711 percussit.
727 679 781 701 res
808 674 982 712 praeterea
1007 670 1167 702 adversus
1191 669 1335 702 Vulscos
1360 674 1396 702 et
1414 669 1578 703 Hernicos

175 720 209 747 et
227 715 386 748 Veientes
405 719 437 747 et
452 714 635 747 seditiones
653 714 741 747 inter
757 719 870 757 patres
889 715 1081 758 plebemque
1098 714 1258 747 continet.
