1698 2864
194 173 209 192 ,.

192 174 245 210 06
680 168 805 202 LIBER
829 168 881 202 111.
930 168 1023 202 CAP.
1048 169 1102 202 28.
1435 186 1461 205 a.
1482 187 1511 205 u.
1532 179 1594 206 296.

188 273 316 318 beant,
340 272 500 311 militem
524 284 613 311 cum
634 272 751 311 armis
774 271 949 323 valloque
969 271 1093 311 redire
1113 271 1150 311 in
1174 273 1333 313 ordines
1351 283 1459 312 SUOS.
1495 272 1593 312 facta

140 337 160 368 2
191 341 287 380 quae
312 329 527 380 imperavit.
578 333 679 377 tum,
695 341 771 380 quo
792 328 944 367 fuerant
966 328 1100 367 ordine
1120 329 1160 368 in
1175 330 1253 376 via,
1277 329 1486 369 exercitum
1507 341 1594 368 om-

189 398 280 424 nem
314 385 429 437 longo
463 386 613 437 agmine
650 385 860 425 circumdat
895 385 1067 424 hostium
1097 386 1232 425 castris
1260 392 1316 434 et,
1345 385 1411 425 ubi
1438 386 1592 437 signum

191 443 322 481 datum
340 443 408 489 sit,
442 442 649 481 clamorem
681 454 817 480 omnes
847 441 979 480 tollere
1008 441 1124 489 iubet,
1149 443 1315 483 clamore
1337 442 1485 483 sublato
1508 447 1596 482 ante

142 506 160 538 3
191 511 234 538 se
263 511 457 551 quemque
483 499 622 538 ducere
641 499 790 537 fossam
818 502 855 536 et
876 497 1000 536 iacere
1020 498 1171 538 vallum.
1215 500 1317 539 edito
1347 499 1513 551 imperio
1540 499 1596 538 si-

190 567 309 607 gnum
332 561 508 595 secutum
539 560 610 594 est.
652 555 757 594 iussa
787 554 896 593 miles
926 555 1159 606 exsequitur.
1197 557 1341 595 clamor
1362 557 1496 595 hostes
1520 555 1595 595 cir-

193 618 419 660 cumsonat3
449 617 607 663 superat
633 611 723 650 inde
745 616 868 650 castra
889 611 1060 650 hostium
1083 617 1121 651 et
1140 613 1179 651 in
1202 618 1324 652 castra
1346 612 1518 652 consulis
1530 625 1596 651 ve-

143 677 163 708 4
193 669 267 717 nit3
297 669 384 708 alibi
407 681 610 721 pavorem,
639 668 726 706 alibi
755 668 935 718 gaudium
965 668 1098 718 ingens
1119 668 1220 708 facit.
1262 669 1428 708 Romani
1450 667 1597 708 civilem

190 738 275 765 esse
304 727 513 765 clamorem
536 730 648 776 atque
675 725 857 764 auxilium
879 724 1014 764 adesse
1040 725 1140 764 inter
1170 738 1211 764 se
1239 725 1474 776 gratulantes
1494 725 1596 764 ultro

189 795 234 821 ex
263 782 497 821 stationibus
528 794 570 820 ac
598 781 736 833 vigiliis
764 781 941 820 territant
968 782 1135 820 hostem.
1178 782 1316 821 consul
1344 781 1596 821 differendum

140 848 159 880 5
187 844 319 889 negat:
349 839 412 877 illo
443 839 610 877 clamore
639 850 719 877 non
747 838 952 877 adventum
981 838 1099 877 modo
1122 838 1341 889 significari,
1359 838 1426 877 sed
1447 851 1530 877 rem
1551 838 1598 877 ab

190 895 271 934 suis
294 900 490 947 coeptam3
512 895 733 946 mirumque
755 908 860 941 esse,
880 894 919 933 ni
941 895 1017 934 iam
1038 896 1226 934 exteriore
1247 900 1356 947 parte
1379 899 1501 934 eastra
1521 895 1598 933 ho-

190 952 307 991 stium
338 956 626 1004 oppugnentur.
657 952 783 1003 itaque
804 964 911 991 arma
933 964 1028 991 suos
1053 964 1188 1003 capere
1209 957 1247 991 et
1268 965 1309 991 se
1330 951 1515 1003 subsequi
1536 951 1598 990 iu-

140 1018 159 1050 6
187 1009 261 1049 bet.
309 1013 424 1048 nocte
452 1008 590 1047 initum
619 1009 811 1060 proelium
840 1013 910 1047 est.
957 1008 1171 1058 legionibus
1200 1008 1399 1048 dictatoris
1430 1008 1598 1047 clamore

142 1075 159 1105 7
190 1065 406 1116 significant
427 1065 472 1104 ab
496 1077 539 1103 ea
562 1077 718 1116 quoque
738 1070 847 1117 parte
863 1077 944 1104 rem
962 1065 1002 1103 in
1019 1065 1243 1104 discrimine
1259 1077 1359 1105 esse.
1394 1064 1470 1104 iam
1488 1077 1530 1103 se
1550 1064 1597 1104 ad

189 1121 431 1174 prohibenda
461 1121 693 1161 circumdari
725 1134 842 1173 opera
864 1121 985 1172 Aequi
1014 1122 1212 1172 parabant,
1236 1134 1322 1162 cum
1345 1121 1391 1161 ab
1414 1121 1599 1160 interiore

191 1179 305 1218 hoste
325 1179 475 1230 proelio
499 1183 657 1230 coepto,
686 1190 735 1217 ne
762 1191 831 1230 per
859 1178 985 1217 media
1011 1190 1080 1217 sua
1111 1183 1235 1218 castra
1262 1177 1557 1231 fiereteruptio,
1578 1189 1600 1217 a

188 1235 453 1274 munientibus
474 1235 520 1273 ad
542 1239 758 1286 pugnantes
780 1235 993 1274 introrsum
1017 1234 1117 1274 versi
1138 1247 1298 1275 vacuam
1316 1239 1471 1274 noctem
1488 1234 1598 1285 operi

141 1303 160 1335 8
190 1292 350 1338 dedere3
379 1296 670 1343 pugnatumque
705 1304 791 1330 cum
829 1291 988 1330 consule
1019 1291 1065 1330 ad
1092 1291 1217 1330 lucem
1251 1297 1321 1332 est.
1361 1292 1446 1331 luce
1472 1290 1599 1342 prima

189 1349 265 1388 iam
289 1347 562 1388 circumvallati
584 1347 630 1386 ab
653 1348 839 1388 dictatore
856 1352 977 1395 erant,
1000 1352 1036 1387 et
1055 1347 1115 1386 vix
1135 1348 1320 1389 adversus
1342 1359 1463 1387 unum
1485 1353 1598 1386 exer-

190 1406 307 1445 citum
330 1417 501 1457 pugnam
522 1404 778 1444 sustinebant.
813 1410 936 1464 tum-a
959 1404 1191 1451 Quinctiano
1214 1405 1391 1451 exercitu,
1415 1403 1479 1455 qui
1501 1415 1598 1443 con-

187 1516 242 1558 40,
260 1517 315 1558 47,
334 1517 363 1549 S.
386 1536 428 1539 —
454 1517 602 1557 ordines,
625 1518 656 1549 in
682 1518 751 1548 ihre
770 1516 854 1548 Cen-

187 1564 296 1594 turien
326 1563 389 1593 und
414 1562 551 1594 Reihen.
582 1582 621 1586 -
654 1573 730 1595 cum
758 1573 854 1604 arm„

186 1608 237 1639 die
247 1608 404 1639 Soldaten
415 1609 640 1639 verrichteten
651 1609 702 1640 die
712 1609 856 1640 Schanz-

185 1653 293 1685 arbeit
311 1653 499 1693 bewaffnet,
524 1654 589 1693 vgl.
613 1653 634 1695 ξ
658 1653 687 1685 S.
713 1672 754 1676 ——
771 1655 858 1693 sue-

186 1701 276 1736 runt,
297 1698 348 1739 22,
366 1699 396 1740 4,
414 1699 444 1730 7.
464 1718 506 1721 —
523 1699 624 1740 longo
642 1710 710 1741 ⁰3²,
730 1699 770 1730 ini
790 1698 855 1730 Ge-

186 1748 344 1784 gensatze
363 1754 404 1775 zu
422 1745 481 1775 der
502 1755 528 1775 c.
546 1743 599 1782 27,
619 1744 638 1774 6
662 1744 855 1776 erwiihnteu

187 1790 406 1829 Anordnung,
445 1789 641 1820 bezeichnet
678 1794 773 1821 sonst
805 1790 856 1821 die

187 1834 473 1874 Marschordnung
506 1834 627 1876 selbst,
659 1845 753 1872 wenn
789 1835 856 1866 ein-

187 1880 281 1912 zelne
305 1880 561 1920 Abtheilungen‚
583 1879 764 1921 Colonnen,
788 1881 858 1911 hin-

187 1931 240 1957 ter
258 1926 417 1956 einander
434 1926 549 1966 gehen,
567 1925 621 1966 35,
641 1926 693 1965 27,
716 1926 772 1957 15:
797 1927 856 1957 ob-

187 1973 339 2002 tinebant
355 1971 455 2012 longo
479 1972 614 2013 agmine
635 1974 776 2014 propter
798 1982 858 2002 an-

184 2017 321 2057 gustias
335 2017 407 2047 riae
419 2017 563 2058 quinque
575 2016 669 2047 milia
680 2027 855 2059 passuum.

187 2061 282 2092 Caes.
299 2060 331 2092 Β.
352 2060 391 2092 G.
410 2060 440 2100 2,
462 2061 512 2098 17,
534 2061 601 2101 vgl.
620 2060 656 2093 L.
681 2061 734 2100 22,
759 2061 790 2101 4,
815 2061 855 2099 43

190 2106 239 2146 10,
256 2104 309 2143 35,
331 2105 388 2144 173
408 2115 446 2136 an
466 2116 497 2136 u.
517 2105 566 2137 St.
584 2107 785 2137 marschiren
805 2106 856 2137 die

188 2151 362 2182 einzelnen
391 2149 536 2192 Manipel
569 2151 649 2182 oder
677 2150 857 2182 Centurien

189 2196 292 2228 ncben
311 2196 470 2227 einander
487 2194 545 2226 auf
558 2197 622 2227 und
640 2197 774 2228 macheu
799 2207 856 2236 ge-

189 2252 250 2282 gen
274 2242 332 2272 das
357 2241 467 2281 Lager
490 2240 606 2273 Front.
625 2259 669 2264 —
686 2252 856 2284 quemque,

189 2287 237 2318 sie
267 2286 414 2318 miissten
437 2286 520 2317 dann
540 2287 635 2318 einen
656 2286 752 2318 Mann
777 2288 857 2318 hoch

188 2332 370 2373 gestanden
388 2332 502 2363 haben.

235 2376 312 2408 3-6.
339 2375 426 2408 edito
451 2378 541 2420 imp„
567 2377 722 2409 nachdem
742 2377 800 2409 der
818 2387 858 2408 an

190 2423 241 2454 die
256 2422 422 2454 Tribunen
439 2422 598 2454 zuniichst
612 2423 782 2454 erlassene
799 2423 859 2454 Be-

190 2466 257 2499 fehl
285 2468 386 2499 durch
416 2467 467 2498 die
497 2467 590 2499 Linie
625 2467 771 2499 bekannt
798 2478 858 2509 ge-

189 2513 298 2544 macht
323 2513 384 2553 ist,
412 2512 495 2544 wird
517 2513 576 2544 mit
599 2513 658 2544 der
682 2512 775 2544 Tuba
798 2514 856 2545 das

191 2558 333 2590 Zeichen
351 2557 509 2599 gegeben,
531 2558 608 2590 dass
627 2568 664 2589 er
679 2558 856 2599 vollzogen

190 2604 322 2635 werden
357 2603 431 2635 soll.
481 2603 541 2635 Die
574 2603 792 2644 Darstellung
825 2604 855 2636 in

927 1517 1053 1548 kurzen
1084 1516 1207 1549 satzen
1236 1517 1299 1549 wie
1330 1528 1357 1549 c.
1390 1516 1447 1558 18,
1476 1514 1526 1548 7f.
1554 1533 1599 1540 —

929 1562 1015 1604 alibi,
1046 1572 1109 1593 von
1128 1563 1212 1594 zwei
1231 1562 1333 1594 Orten
1352 1562 1415 1594 wie
1437 1561 1463 1603 1,
1487 1561 1540 1602 21,
1565 1560 1597 1594 6:

929 1607 1027 1639 alins.
1052 1626 1095 1630 ——
1118 1610 1259 1648 mirum,
1282 1610 1331 1649 ni,
1353 1608 1489 1648 gewiss,
1513 1616 1597 1647 ganz

930 1654 1049 1694 sicher,
1079 1658 1174 1685 sonst
1202 1654 1294 1684 mehr
1321 1653 1380 1684 der
1408 1653 1598 1685 Conversa-

930 1699 1036 1730 tions-
1058 1699 1123 1730 und
1147 1698 1423 1741 Dichtersprache
1451 1698 1598 1737 angehii-

931 1745 1024 1775 rend.
1047 1762 1081 1766 —
1115 1754 1188 1776 rem
1209 1745 1244 1775 z'n
1273 1743 1305 1777 d.
1337 1755 1376 1784 e.,
1401 1744 1460 1775 der
1481 1741 1602 1785 Hampf

931 1790 1012 1821 habe
1046 1789 1234 1829 begonnen,
1269 1799 1304 1820 es
1338 1789 1386 1820 sei
1418 1799 1459 1820 zu
1491 1788 1599 1820 einem

908 1835 1210 1867 entschefflenden
1253 1833 1417 1866 Momente
1462 1833 1598 1874 gekom-

928 1891 1012 1912 men.

977 1969 1006 2000 Τ.
1040 1968 1085 2001 ad
1109 1970 1240 2012 prohib.
1272 1974 1348 2008 ete,
1374 1970 1413 2001 da
1436 1970 1598 2014 prohibeo

930 2015 991 2046 den
1009 2024 1077 2045 acc.
1096 2025 1122 2045 c.
1141 2013 1197 2055 inf,
1215 2014 1330 2055 haben,
1345 2025 1371 2046 s.
1391 2015 1422 2055 5,
1440 2015 1492 2056 49,
1510 2015 1547 2054 83
1566 2016 1598 2057 4,

930 2060 960 2099 2,
977 2059 1032 2090 12;
1051 2059 1141 2091 illine
1153 2079 1173 2082 -
1186 2063 1317 2093 armari
1331 2061 1500 2092 civitatem
1513 2071 1600 2104 pro-

930 2106 1087 2136 hibeant?
1103 2105 1179 2145 und,
1198 2116 1293 2137 wenn
1312 2106 1364 2137 die
1379 2106 1505 2146 thatige
1519 2105 1600 2138 Per-

930 2160 990 2181 son
1009 2151 1097 2182 nicht
1115 2156 1259 2191 genannt
1278 2152 1333 2190 ist,
1357 2150 1465 2183 selbst
1486 2151 1518 2183 in
1541 2151 1599 2184 das

931 2196 1049 2227 Passiv
1066 2195 1254 2236 iibergehen
1273 2196 1375 2228 kann:
1400 2197 1519 2229 civitas
1541 2207 1600 2230 ar-

930 2242 1021 2273 mari
1032 2241 1244 2284 prohibetur,
1270 2252 1372 2285 opera
1394 2242 1602 2275 circumdari

930 2287 1160 2330 prohihentur,
1185 2298 1220 2319 so
1246 2287 1332 2319 lasst
1354 2287 1422 2319 sich
1441 2288 1523 2319 auch
1540 2288 1598 2320 das

932 2332 1104 2372 gerundiV.
1122 2333 1180 2364 mit
1197 2333 1268 2364 dem
1286 2342 1370 2364 nom.
1390 2343 1417 2364 c.
1439 2331 1496 2365 inf.
1520 2343 1599 2365 ver-

932 2377 1068 2409 binden:
1110 2388 1213 2421 opera
1245 2377 1453 2410 circumdari
1478 2379 1598 2421 prolzi-

932 2422 1054 2461 benda3
1082 2422 1133 2464 22,
1154 2423 1207 2464 60,
1233 2423 1267 2454 3:
1290 2433 1350 2455 nec
1370 2423 1598 2466 prohibendos

930 2479 975 2500 ετ
990 2470 1124 2511 privato
1143 2468 1277 2500 red-imi.
1294 2486 1338 2491 —
1355 2478 1505 2510 vacuam,
1522 2466 1596 2510 frei,

928 2515 1115 2553 ungesttirt,
1144 2524 1170 2545 s.
1200 2513 1252 2554 31,
1280 2513 1307 2555 1,
1333 2513 1371 2552 93
1403 2523 1507 2554 gegen
1537 2514 1596 2545 das

930 2558 1018 2590 Heer
1040 2559 1098 2590 des
1121 2559 1289 2591 Dictators
1312 2558 1423 2591 hatten
1448 2559 1520 2590 also
1544 2559 1596 2592 die

928 2603 1062 2647 Aequer
1079 2614 1139 2646 gar
1156 2604 1262 2636 nichts
1278 2604 1410 2646 gethan.
