1698 2864
67 225 94 244 a.
115 217 169 245 Ch.
189 217 252 242 403.
576 206 704 239 LIBER
727 207 768 240 V.
819 207 911 240 CAP.
932 207 960 240 3.

1386 210 1466 249 265

67 322 224 360 semper
248 314 427 348 auctores
454 309 616 355 fuerint,
646 309 683 348 id
712 321 783 359 ego
805 309 881 348 hoc
902 321 1003 348 anno
1027 311 1176 350 desisse
1197 311 1362 351 dubitari
1383 324 1466 351 cer-

65 371 148 405 tum
176 366 318 412 habeo,
346 371 383 405 et
411 378 498 405 cum
524 365 646 404 laetor
672 366 826 404 tandem
850 365 954 416 longi
976 367 1118 405 erroris
1142 368 1250 406 vohis
1272 368 1387 406 finem
1408 369 1467 407 fa—

67 427 168 461 ctum
192 435 288 467 esse,
310 427 407 468 tum,
430 422 535 472 quod
558 422 737 461 secundis
759 422 1009 472 potissimum
1031 423 1168 461 vestris
1189 425 1305 463 rebus
1327 425 1389 463 hic
1405 437 1467 463 er-

65 491 133 517 ror
159 483 218 516 est
246 478 438 525 sublatus,
465 483 502 516 et
529 478 638 516 vobis
668 483 704 517 et
732 483 890 528 propter
917 491 986 517 vos
1014 479 1067 516 rei
1090 479 1263 529 publicae
1284 481 1466 530 gratulor.

66 546 114 574 an
137 539 198 573 est
218 535 435 586 quisquam,
458 534 523 585 qui
545 534 693 573 dubitet
713 534 829 573 nullis
852 534 1002 573 iniuriis
1024 536 1174 581 vestris,
1199 536 1230 574 si
1252 549 1348 587 quae
1368 537 1467 576 forte

66 591 270 641 aliquando
300 591 539 637 inciderunt,
565 603 750 641 umquam
780 603 899 642 aeque
927 603 1044 642 quam
1072 604 1231 632 munere
1254 598 1405 643 patrum
1429 594 1468 632 in

66 647 239 698 plebem,
269 660 355 686 cum
384 660 467 686 aera
496 647 748 686 militantibus
779 648 987 686 constituta
1010 653 1116 695 sunt,
1144 648 1322 687 tribunos
1344 649 1467 700 plebis

68 704 240 742 offensos
270 716 313 742 ac
340 704 553 742 concitatos
581 702 697 742 esse?
729 704 819 754 quid
851 704 933 742 illos
961 704 1061 743 aliud
1091 709 1156 743 aut
1181 710 1262 743 tum
1291 705 1468 744 timuisse

67 760 219 799 creditis
248 765 312 798 aut
333 760 447 799 hodie
467 761 623 799 turbare
642 760 733 798 velle
755 760 830 799 nisi
852 761 1098 799 concordiam
1123 761 1322 807 ordinum,
1352 775 1467 813 quam

67 815 334 855 dissolvendae
356 829 535 855 maxume
556 817 780 855 tribuniciae
798 817 1000 868 potestatis
1018 822 1151 856 rentur
1167 816 1281 856 esse?
1304 818 1360 857 sic
1376 819 1468 857 her-

67 872 148 911 cule
175 874 372 924 tamquam
400 874 564 912 artifices
593 873 748 924 inprobi
776 885 875 924 opus
904 879 1112 925 quaerunt,
1142 875 1284 925 quippe
1313 888 1469 926 semper

65 929 165 979 aegri
188 929 326 980 aliquid
348 942 435 968 esse
456 930 494 967 in
511 930 716 981 republica
733 930 878 975 volunt,
902 936 943 968 ut
959 930 1020 974 sit,
1042 931 1087 968 ad
1107 931 1213 969 cuius
1232 931 1469 970 curationem

66 998 85 1023 a
115 985 225 1024 vobis
253 986 518 1024 adhibeantur.
561 991 689 1024 utrum
718 986 819 1023 enim
844 986 1047 1024 defenditis
1070 998 1116 1025 an
1139 987 1361 1037 inpugnatis
1384 987 1469 1038 ple-

66 1039 185 1079 bem‘?
218 1047 345 1079 utrum
370 1042 617 1080 militantium
640 1042 845 1079 adversarii
868 1042 962 1080 estis
984 1054 1030 1080 an
1050 1055 1204 1081 eausam
1224 1042 1364 1092 agitis?
1395 1043 1469 1081 nisi

65 1097 166 1135 forte
187 1098 263 1136 hoc
284 1097 420 1144 dicitis,
443 1098 628 1149 quidquid
652 1104 778 1148 patres
800 1097 958 1145 faciunt,
981 1099 1168 1148 displicet,
1193 1099 1270 1137 sive
1288 1099 1375 1138 illud
1395 1112 1467 1151 pro

65 1153 177 1205 plebe
203 1154 280 1192 sive
311 1160 443 1193 contra
471 1154 623 1205 plebem
653 1160 721 1192 est.
764 1160 800 1192 et
827 1167 940 1204 quem
970 1155 1016 1193 ad
1044 1156 1202 1193 modum
1234 1168 1320 1193 eum
1349 1157 1469 1195 servis

67 1210 147 1249 suis
169 1215 297 1248 vetant
317 1211 464 1249 domini
486 1211 691 1262 quicquam
713 1211 768 1248 rei.
791 1211 922 1249 alienis
939 1211 1164 1250 hominibus
1183 1224 1282 1257 esse,
1305 1213 1470 1262 pariter—

66 1279 139 1317 que
161 1266 199 1304 in
222 1267 265 1305 iis
288 1266 476 1305 beneficio
499 1280 542 1305 ae
562 1267 746 1305 maleficio
771 1267 954 1306 abstineri
983 1280 1115 1306 aecum
1135 1273 1305 1316 censent,
1330 1269 1386 1307 sic
1402 1281 1470 1307 vos

65 1323 294 1362 interdicitis
318 1323 491 1374 patribus
515 1323 749 1362 commercio
770 1324 906 1374 plebis,
929 1336 977 1362 ne
995 1336 1066 1362 nos
1086 1325 1264 1362 comitate
1282 1337 1324 1363 ae
1341 1325 1470 1363 muni-

66 1380 216 1418 ficentia
233 1385 366 1418 nostra
385 1393 641 1430 provocemus
660 1380 823 1431 plebem,
842 1393 914 1419 nee
930 1380 1037 1431 plebs
1055 1381 1170 1419 nobis
1190 1380 1291 1419 (licto
1310 1382 1469 1420 audiens

65 1502 166 1534 Form
185 1502 213 1543 4,
233 1501 262 1545 3,
280 1502 311 1534 2.
324 1521 368 1524 —
385 1502 525 1542 desisse,
545 1513 570 1534 s.
587 1502 617 1544 4,
632 1502 685 1543 35,
700 1503 730 1534 9.

65 1567 111 1571 —
133 1547 250 1587 nullis,
273 1548 349 1579 weil
373 1558 414 1579 cm
435 1567 456 1570 —
476 1547 605 1580 dubitet
624 1548 731 1588 gleich

65 1594 111 1624 ist
143 1604 256 1625 omnes
296 1593 490 1624 concedunt.
522 1612 566 1614 —
598 1595 731 1634 vestris,

67 1638 144 1669 weil
161 1639 243 1680 App.
273 1638 362 1669 nicht
386 1639 551 1677 gerndezu
573 1639 731 1677 gestehen

66 1683 155 1722 will,
184 1685 260 1714 dass
283 1684 334 1714 die
358 1683 520 1714 Patricier
543 1684 639 1714 ilinen
666 1683 733 1715 Un-

67 1729 162 1759 recht
180 1726 338 1767 zugeffigt
355 1728 457 1759 haben
479 1730 645 1767 (nostris),
664 1729 731 1768 vgl.

68 1773 100 1813 6,
118 1773 171 1811 40,
190 1773 221 1804 4.
240 1791 281 1795 ——
300 1783 403 1812 aeque
426 1784 523 1814 qnam
548 1773 599 1804 bei
618 1774 653 1804 L.
674 1785 732 1804 zu-

68 1822 139 1849 erst
157 1819 236 1848 nach
251 1819 312 1849 den
331 1817 520 1859 Hoinikern,
539 1829 564 1849 s.
582 1830 609 1849 6.
624 1820 654 1857 6,
672 1819 730 1857 113

68 1862 121 1902 26,
139 1864 193 1902 45,
213 1863 251 1901 23
278 1862 330 1901 28,
350 1863 402 1903 26,
425 1864 473 1903 14,
492 1864 558 1903 vgl.
576 1863 629 1903 31,
652 1863 680 1903 l,
700 1863 730 1895 3.

67 1926 111 1931 —
123 1918 212 1948 aera,
227 1908 283 1939 das
297 1919 354 1939 aes
368 1909 524 1940 milt'tare.
538 1927 580 1930 —
595 1910 734 1940 turbare

66 1963 98 1985 r.
116 1954 160 1984 ist
177 1953 226 1984 als
244 1954 296 1984 ein
308 1953 597 1993 ssegrifftimzlz'sse
610 1964 733 1993 gegen-

67 1998 290 2038 iibergestellt
327 2003 413 2030 etwa
432 2014 453 2024 z
471 2000 639 2040 aversari,
678 1999 733 2029 ob-

68 2043 174 2084 gleicli
193 2043 393 2079 deniselben,
411 2054 516 2083 genau
530 2054 733 2083 genoinmen,

69 2099 131 2119 nur
153 2087 233 2119 velle
255 2090 490 2129 entspreehen,
521 2090 630 2120 dieses
661 2100 734 2120 zum

70 2133 210 2173 objecte
233 2134 370 2164 turbare
393 2134 605 2165 concordiam
630 2134 733 2165 haben

71 2179 185 2219 sollte,
205 2178 265 2208 wie
286 2179 436 2209 timm'sse
453 2177 578 2209 einfaeb
597 2189 734 2211 eoncor-

71 2223 173 2255 diam.
185 2242 224 2245 -
241 2223 458 2255 dissolu-tr.
472 2234 516 2266 p.,
531 2223 561 2265 3,
577 2223 629 2264 24,
650 2225 676 2255 1.
690 2242 734 2247 —

70 2269 235 2310 artifices,
271 2268 336 2299 alle
366 2269 417 2299 die
449 2273 552 2299 etwas
581 2270 638 2300 mit
666 2268 734 2300 Ge—

70 2313 320 2344 scbickliehkeit
333 2313 514 2349 betreiben,
535 2314 605 2344 bier
620 2324 733 2353 wegen

70 2360 172 2400 aegri
183 2359 244 2389 und
259 2360 479 2395 cm'alzfonem,
498 2358 734 2400 Quaeksalber.

71 2423 115 2426 —
133 2414 217 2446 opus
235 2414 358 2445 quaer„
379 2405 426 2435 sie
445 2406 567 2435 sueben
588 2404 654 2434 sicli
675 2414 737 2435 nur

72 2453 176 2480 etwas
195 2459 235 2479 zu
254 2449 396 2479 sehaffen
412 2459 450 2479 zu
467 2450 608 2490 machon,
628 2459 654 2480 s.
670 2449 737 2480 Cic.

72 2493 172 2524 Tusc.
198 2493 232 2532 3,
257 2493 316 2532 34,
341 2493 398 2525 81:
431 2493 585 2526 Graeci-
608 2494 737 2535 disper-

74 2541 179 2570 nunt.-
194 2549 277 2581 opns
285 2541 371 2570 enim
381 2539 738 2580 qucle7¹7171t‚vgl.Verr.

72 2583 110 2623 4,
142 2583 194 2614 24.
225 2584 279 2615 54.
320 2583 429 2615 Ueber
456 2586 557 2626 aegri
584 2595 610 2616 s.
643 2583 680 2622 2,
707 2583 738 2623 3,

74 2627 113 2667 53
136 2628 219 2660 iiber
243 2632 413 2671 tamquam
438 2640 464 2662 s.
492 2641 518 2661 c.
544 2629 582 2671 4,
601 2628 637 2668 8;
657 2629 688 2671 2,
706 2629 737 2668 2,

807 1503 844 1542 33
865 1503 967 1544 8,33,
988 1504 1027 1535 13
1045 1515 1075 1535 u.
1091 1515 1139 1543 a.,
1164 1504 1284 1535 anders
1310 1504 1361 1545 10,
1382 1504 1412 1545 S,
1434 1505 1470 1542 13

805 1559 878 1580 zum
908 1548 1088 1581 Gedanken
1119 1549 1184 1589 vgl.
1217 1549 1247 1588 3,
1272 1549 1325 1589 63,
1354 1550 1405 1582 11.
1428 1568 1471 1572 —

805 1597 938 1636 quippe,
964 1595 1021 1625 das
1047 1596 1116 1625 hds.
1144 1597 1249 1636 quiet
1266 1595 1309 1625 ist
1327 1595 1472 1626 schwer-

804 1640 867 1670 lieh
887 1650 928 1670 zu
948 1639 1099 1679 billigen;
1126 1640 1215 1670 vien.
1234 1640 1277 1670 ist
1295 1640 1346 1670 ein
1367 1641 1470 1670 zwei—

804 1689 855 1715 tes
880 1684 975 1716 Glied
999 1686 1056 1716 mit
1081 1688 1113 1715 et
1135 1683 1360 1724 ausgefallen,
1391 1685 1470 1715 oder

804 1731 860 1771 qui
876 1732 908 1760 et
923 1731 1007 1772 ipsi,
1034 1728 1195 1760 ebenfalls
1221 1730 1312 1760 bloss
1337 1731 1394 1760 mit
1413 1730 1472 1761 sse-

804 1775 945 1814 ziehung
973 1773 1031 1805 auf
1057 1777 1157 1816 aegri
1176 1775 1238 1805 und
1262 1777 1470 1806 curationem

805 1830 845 1850 zu
863 1820 1048 1852 sebreilien.
1081 1821 1214 1851 Andere
1234 1820 1335 1859 tilgen
1355 1821 1420 1861 qui.

851 1908 938 1940 8-9.
977 1919 1053 1940 cum
1082 1911 1189 1940 sem-is
1220 1914 1299 1940 ete.:
1332 1909 1394 1939 wie
1419 1909 1470 1940 die

805 1953 911 1985 Herrn
942 1955 1031 1984 nicht
1059 1954 1196 1989 wellen,
1231 1955 1306 1985 dass
1332 1953 1472 1985 Fremde

806 1999 865 2030 mit
898 1999 991 2030 ihren
1015 1999 1155 2030 Selaven
1188 2003 1291 2030 etwas
1321 2010 1361 2030 zu
1393 2000 1471 2030 tliun

807 2044 928 2083 haben,
953 2054 989 2075 so
1014 2044 1181 2075 verbietet
1205 2045 1254 2075 ihr
1277 2045 1337 2074 den
1364 2044 1472 2075 Patri-

808 2090 895 2120 ciern
921 2090 979 2120 mit
1003 2090 1062 2120 der
1085 2089 1182 2120 Plebs
1208 2090 1236 2120 in
1258 2089 1473 2129 Verbindung·

807 2145 849 2165 zu
867 2138 989 2165 treten.
1026 2133 1136 2166 Wenn
1162 2135 1241 2165 nael]
1262 2135 1356 2165 einer
1372 2135 1472 2165 ande—

807 2190 865 2210 ren
899 2179 1019 2210 Lesart
1051 2179 1332 2221 quemadmodum
1364 2181 1473 2211 serris

806 2243 826 2246 —
856 2235 931 2255 omn
971 2225 1088 2256 alienis
1128 2225 1342 2264 geschrieben
1377 2225 1470 2262 wir-d,

806 2269 939 2300 iniissen
958 2270 1009 2301 die
1028 2269 1153 2300 Motive
1172 2270 1231 2300 der
1248 2269 1414 2299 Tribunen
1431 2279 1473 2300 <ne

806 2325 903 2346 -nec
937 2315 996 2346 mit
1030 2325 1070 2345 zu
1100 2315 1161 2345 den
1193 2314 1471 2353 Vergleichungs-

807 2360 951 2402 punkten
966 2370 1113 2399 gezogen
1129 2359 1274 2395 werden,
1290 2369 1351 2389 von
1368 2359 1470 2389 denen

808 2405 892 2436 dann
919 2416 978 2436 nee
1006 2405 1097 2447 plebs
1123 2409 1186 2435 etc.
1218 2404 1306 2434 nicht
1331 2403 1472 2444 passend

809 2450 985 2481 cbiastisch
1015 2452 1151 2481 sercis—
1167 2459 1241 2479 esse
1265 2448 1474 2487 gegeniiber-

810 2496 925 2526 stehen
956 2495 1082 2525 wiirde.
1113 2512 1156 2515 —
1181 2494 1313 2535 paritet·
1344 2493 1473 2523 bezielit

811 2540 878 2571 sich
898 2538 956 2570 auf
967 2540 1122 2581 beneficio
1141 2548 1179 2569 ac
1197 2538 1314 2578 maqu.
1330 2556 1371 2560 ——
1386 2540 1418 2569 in
1432 2539 1473 2568 iis

811 2596 843 2616 n.
867 2587 973 2616 serris
991 2585 1054 2614 wie
1068 2584 1192 2625 facere
1209 2585 1242 2613 in
1261 2583 1382 2623 aliquo,
1400 2592 1425 2613 s.
1445 2593 1474 2613 c.

811 2630 842 2670 2,
862 2629 896 2661 8:
914 2631 948 2661 in
965 2629 1066 2672 plebe.
1083 2646 1127 2650 —-—
1144 2637 1212 2669 nec,
1230 2637 1257 2659 s.
1273 2627 1303 2668 3,
1318 2627 1369 2670 21,
1384 2627 1414 2659 6.
1430 2644 1474 2650 --
