1698 2864
639 253 767 286 LIBER
791 253 844 286 llI.
895 253 988 287 CAP.
1008 254 1063 287 43.
1089 255 1143 287 44.

1527 256 1579 302 85

178 273 206 291 a.
230 265 283 292 ch.
304 266 367 291 449.

292 358 348 396 Ad
371 357 496 396 clades
525 356 571 396 ab
600 355 780 395 hostibus
811 360 986 406 acceptas
1016 355 1093 394 duo
1124 356 1288 396 nefanda
1314 358 1485 397 facinora
1519 357 1587 396 dc—
1614 358 1668 397 43

181 413 336 453 cemviri
356 413 439 451 belli
462 413 646 464 domique
667 412 850 451 adiciunt.
890 411 931 450 L.
955 411 1136 458 Siccium,
1159 412 1197 451 in
1221 413 1375 452 Sabinis
1398 427 1467 465 per
1488 413 1584 453 invi·
1616 421 1635 452 2

180 471 280 508 diam
297 469 587 508 decemviralem
604 469 851 507 tribunorum
871 467 1127 507 creandorum
1147 469 1460 520 secessionisque
1476 483 1586 510 men-

178 527 307 564 tiones
327 526 374 564 ad
397 525 531 575 vulgus
555 525 719 564 militum
742 525 991 563 sermonibus
1014 525 1173 563 occultis
1195 531 1397 571 serentem,
1422 539 1587 578 prospe-

181 582 350 620 culatum
378 582 423 620 ad
451 582 579 620 locum
609 582 747 620 castris
777 581 1005 632 capiendum
1036 581 1205 620 mittunt.
1255 582 1365 621 datur
1390 584 1586 633 negotium
1619 593 1637 623 3

180 637 387 685 militibus,
414 650 512 689 quos
542 638 728 676 miserant
749 637 1006 688 expeditionis
1035 638 1115 676 eius
1146 637 1320 684 comites,
1341 643 1385 676 ut
1406 652 1492 677 eum
1515 652 1588 690 op-

181 700 351 745 portuno
397 695 521 734 adorti
562 694 648 733 loco
686 694 955 732 interficerent.
1011 694 1112 733 haud
1149 694 1314 733 inultum
1350 695 1587 741 interfecere,
1617 705 1637 736 4

181 763 271 789 nam
299 751 397 789 circa
426 756 708 802 repugnantem
732 751 878 801 aliquot
905 750 1152 789 insidiatores
1176 751 1365 798 cecidere,
1396 764 1483 790 cum
1505 752 1589 802 ipse

180 819 223 845 se
245 807 484 857 praevalidus
511 807 592 859 pari
614 807 759 845 viribus
781 808 910 846 animo
934 807 1217 846 circumventus
1240 813 1442 847 tutaretur.
1485 820 1587 847 nun·
1617 818 1636 849 5

180 864 277 902 tiant
297 864 335 901 in
353 870 478 903 castra
495 863 611 902 ceteri
629 864 920 914 praecipitatum
939 864 976 902 in
994 863 1155 903 insidias
1173 877 1271 911 esse,
1294 864 1460 903 Siccium
1479 877 1587 915 egre-

179 920 239 968 gie
261 925 497 970 pugnantem
521 920 736 970 militesque
753 920 943 971 quosdam
961 933 1047 958 cum
1065 933 1109 958 eo
1128 921 1310 959 amissos.
1346 921 1474 971 primo
1491 921 1587 959 fides
1617 929 1636 961 6

181 976 447 1014 nuntiantibus
463 977 558 1023 fuit3
581 977 750 1027 profecta
770 976 907 1014 deinde
926 977 1068 1015 cohors
1086 977 1130 1015 ad
1150 977 1392 1027 sepeliendos
1412 977 1475 1028 qui
1493 978 1590 1016 ceci-

180 1033 314 1070 derant
335 1032 644 1071 decemvirorum
667 1033 881 1083 permissu,
906 1038 1113 1083 postquam
1136 1034 1282 1071 nullum
1306 1033 1517 1084 spoliatum
1539 1034 1591 1072 ibi

181 1099 324 1138 corpus
354 1088 598 1138 Sicciumque
627 1089 665 1126 in
695 1088 821 1126 medio
850 1088 1035 1126 iacentem
1059 1094 1326 1139 armatumque
1348 1090 1529 1128 omnibus
1552 1090 1591 1128 in

181 1155 270 1182 eum
300 1144 421 1182 versis
453 1144 683 1194 corporibus
700 1144 847 1189 videre,
875 1144 1046 1183 hostium
1065 1157 1190 1196 neque
1212 1158 1356 1196 corpus
1379 1146 1498 1184 ullum
1521 1158 1592 1184 nec

180 1200 341 1250 vestigia
364 1201 600 1246 abeuntium,
623 1201 796 1251 profecto
821 1200 866 1239 ab
885 1201 967 1240 suis
985 1201 1228 1240 interfectum
1249 1208 1510 1241 memorantes
1528 1215 1588 1241 re-

181 1257 302 1295 tulere
338 1269 494 1307 corpus.
534 1257 772 1307 invidiaeque
806 1257 918 1307 plena
958 1263 1080 1296 castra
1110 1263 1218 1296 erant
1247 1264 1283 1296 et
1309 1258 1472 1297 Romam
1500 1259 1591 1298 ferri
1627 1278 1633 1294 t

180 1313 361 1363 protinus
385 1313 551 1351 Siccium
571 1313 754 1363 placebat,
777 1315 815 1351 ni
834 1314 1037 1352 decemviri
1060 1314 1179 1353 funus
1201 1314 1362 1353 militare
1384 1316 1415 1353 ei
1439 1315 1589 1366 publica

181 1370 343 1420 inpensa
372 1369 497 1408 facere
525 1375 796 1408 maturassent.
836 1371 1008 1421 sepultus
1037 1371 1181 1420 ingenti
1211 1371 1375 1410 militum
1400 1372 1589 1410 maestitia

180 1426 348 1476 pessima
372 1426 677 1464 decemvirorum
701 1427 739 1464 in
762 1425 894 1476 vulgus
917 1427 1018 1465 fama
1040 1432 1107 1465 est.

295 1481 478 1532 Sequitur
508 1482 606 1521 aliud
630 1482 667 1520 in
689 1482 785 1521 urbe
806 1483 913 1521 nefas
936 1483 982 1521 ab
1004 1483 1161 1522 libidine
1185 1490 1311 1522 ortum
1336 1484 1436 1523 haud
1461 1485 1589 1523 minus

178 1538 292 1576 foedo
315 1543 464 1585 eventu,
487 1551 601 1588 quam
624 1539 726 1589 quod
750 1551 819 1589 per
835 1544 1015 1590 stuprum
1034 1540 1264 1591 caedemque
1280 1541 1478 1580 Lucretiae
1494 1542 1589 1580 urbe

180 1606 379 1644 regnoque
400 1595 632 1645 Tarquinios
655 1596 863 1645 expulerat,
884 1601 927 1635 ut
947 1608 1026 1634 non
1049 1597 1136 1635 finis
1159 1598 1285 1635 solum
1309 1598 1410 1635 idem
1434 1599 1589 1636 decem—

179 1650 285 1696 viris,
309 1651 373 1701 qui
396 1651 564 1701 regibus,
587 1651 655 1689 sed
674 1664 788 1690 causa
805 1653 918 1691 etiam
937 1653 1069 1691 eadem
1088 1653 1236 1704 imperii
1256 1654 1455 1692 amittendi
1473 1661 1587 1693 esset.

181 1708 252 1758 Ap.
283 1706 480 1746 Claudium
517 1707 672 1758 virginis
710 1708 879 1758 plebeiae
912 1710 1146 1760 stuprandae
1174 1710 1290 1749 libido
1322 1711 1433 1762 cepit.
1478 1716 1584 1762 pater
1617 1719 1636 1750 2

1619 1486 1673 1524 44

179 1819 236 1849 das
255 1819 399 1850 Andere.
434 1819 501 1850 Der
526 1819 627 1850 Senat
651 1820 707 1850 bat
729 1820 791 1850 wie
816 1820 846 1850 in

179 1863 333 1904 spfiterer
357 1864 434 1895 Zeit
457 1865 508 1895 die
539 1864 759 1904 Oberleitung
788 1865 846 1896 des

179 1907 300 1947 Hriegs
319 1909 564 1940 iibernommen.

920 1820 973 1861 23,
993 1821 1045 1859 38,
1068 1821 1124 1859 12,
1143 1823 1175 1860 4,
1194 1822 1249 1861 47,
1269 1823 1297 1853 7.
1317 1840 1360 1845 —
1379 1824 1584 1864 interfecere

918 1885 940 1888 -
957 1876 1034 1906 cec.,
1053 1867 1118 1906 vgl.
1137 1866 1157 1908 ξ
1176 1866 1212 1906 63
1233 1878 1259 1898 c.
1281 1867 1332 1908 ΤΟ,
1352 1868 1380 1898 7.

965 1920 1041 1950 6-7.
1073 1920 1202 1959 cohors,
1228 1930 1253 1951 s.
1279 1932 1306 1952 c.
1333 1922 1363 1959 5,
1390 1921 1441 1952 11.
1466 1940 1507 1944 —
1534 1932 1588 1953 re-

224 1948 292 1986 43.
320 1953 395 1985 2-4.
414 1953 570 1992 Siccium,
587 1964 612 1985 s.
633 1965 672 1986 zu
687 1965 714 1985 c.
735 1954 788 1994 31,
809 1955 846 1985 5:

178 2000 258 2030 nach
285 1999 438 2030 Anderen
464 1998 628 2040 Sicinius,
654 2010 680 2031 s.
711 1999 847 2031 Momm-

179 2054 235 2074 sen
262 2044 397 2075 Forscb.
427 2044 500 2076 110.
538 2045 597 2075 Die
621 2045 652 2075 in
677 2045 736 2075 der
760 2045 845 2085 Sage

177 2087 358 2126 gefeierten
376 2089 595 2121 Grosstbaten
611 2090 720 2121 dieses
735 2090 845 2129 „Her-

178 2134 269 2164 cules
302 2133 501 2175 Romanus“‚
535 2145 561 2166 s.
596 2134 682 2166 Geli.
718 2135 748 2173 2,
785 2135 842 2173 113

177 2178 262 2209 Plin.
283 2179 311 2218 7,
331 2178 390 2217 283
411 2179 484 2211 Val.
503 2179 589 2210 Max.
610 2179 639 2221 3,
657 2180 686 2219 2,
705 2180 759 2220 24,
774 2181 845 2211 sind

176 2224 406 2263 iibergangem
438 2225 489 2255 die
513 2224 616 2256 Sacbe
649 2225 755 2257 selbst
779 2236 843 2257 von

177 2268 273 2300 Dion.
295 2269 346 2307 11,
365 2269 404 2299 25
423 2270 544 2300 anders
565 2271 704 2301 erz'a'hlt.
723 2288 767 2293 -—-
783 2282 845 2313 pet·

177 2315 234 2344 das
254 2313 367 2345 Motiv.
390 2332 434 2336 —
451 2316 724 2357 secessionisque,
743 2317 842 2347 scbon

176 2359 227 2389 die
253 2358 386 2399 Gegend
411 2360 579 2390 erinnerte
607 2369 646 2390 an
678 2361 729 2391 die
754 2366 843 2392 erste

176 2405 334 2444 secessio,
355 2405 479 2435 welche
497 2416 560 2436 von
577 2404 684 2436 Varro
700 2405 734 2437 L.
756 2405 791 2437 L.
812 2407 842 2446 5,

176 2449 234 2480 81:
259 2452 402 2481 secessio
424 2450 681 2482 Crustumerina
699 2457 845 2490 genannt

175 2495 268 2525 wird.
298 2513 341 2517 —
370 2495 557 2534 decemvir„
587 2506 614 2526 c.
648 2495 701 2533 42,
735 2496 766 2526 6.
800 2515 844 2519 —

174 2540 381 2583 prospecul.,
407 2541 457 2571 ein
491 2541 639 2572 seltener
667 2541 842 2572 Ausdruck

176 2583 228 2615 fiir
256 2585 477 2627 speculatum,
507 2587 536 2616 in
569 2591 673 2616 etwas
702 2586 844 2617 anderer

176 2629 368 2670 Bedeutung
391 2630 444 2669 33,
474 2631 501 2662 1.
527 2650 569 2653 -
592 2632 772 2673 miserant,
791 2632 842 2663 die

176 2675 224 2706 sie
243 2686 302 2707 zur
316 2676 511 2717 Begleitung
529 2676 697 2708 bestimint
712 2677 842 2715 hatten3

920 1964 992 2004 tul„
1019 1970 1100 1996 statt
1119 1966 1170 1996 ibn
1196 1976 1234 1996 an
1261 1967 1331 1996 dem
1352 1966 1450 2006 Orte,
1475 1976 1526 1997 wo
1552 1977 1588 1998 er

917 2008 1060 2049 gefallen
1080 2021 1160 2047 war,
1186 2021 1226 2041 zu
1245 2011 1426 2052 begraben,
1451 2012 1588 2052 bringen

919 2055 967 2085 sie
992 2055 1052 2085 den
1078 2055 1252 2086 Leicbnam
1279 2057 1308 2087 in
1335 2058 1392 2087 das
1410 2057 1528 2097 Lager.
1545 2075 1588 2079 —

916 2100 1078 2143 placebat,
1120 2103 1163 2142 ni,
1203 2102 1261 2132 der
1301 2102 1477 2133 Beschluss
1518 2112 1589 2133 war

918 2146 1016 2176 sebon
1043 2143 1178 2186 gefasst,
1203 2146 1284 2177 aber
1307 2157 1344 2178 er
1367 2148 1481 2178 wurde.
1501 2148 1589 2178 nicht

917 2189 1128 2230 ausgefiihrt,
1163 2201 1231 2222 was
1265 2193 1448 2231 gescbehen
1484 2193 1586 2231 ware,

917 2246 1012 2266 wenn
1033 2236 1121 2267 niclit
1136 2246 1218 2267 usw¹
1239 2238 1411 2279 —sanus
1428 2238 1509 2275 md„
1534 2238 1585 2268 ein

916 2281 1264 2320 Leiclienbegiingniss
1299 2283 1357 2313 mit
1386 2283 1472 2313 allen
1502 2282 1587 2313 mili-

917 2327 1083 2357 tiiriscben
1105 2327 1224 2358 Elii-en.
1241 2346 1283 2349 —
1301 2328 1420 2370 sepult.
1439 2347 1460 2349 —
1477 2331 1538 2365 est,
1559 2338 1585 2358 s.

917 2371 970 2412 32,
991 2371 1043 2411 39,
1064 2371 1100 2409 ες
1123 2372 1173 2411 10,
1192 2372 1244 2411 39,
1266 2374 1294 2403 τ.

963 2434 1109 2472 44-49.
1147 2441 1214 2471 Der
1244 2440 1385 2472 process
1413 2441 1473 2471 der
1501 2440 1584 2471 Ver-

916 2485 1015 2524 ginia.
1057 2486 1151 2517 Dion.
1188 2486 1235 2525 11,
1267 2486 1367 2519 251Γ.;
1399 2485 1491 2517 Diod.
1516 2486 1582 2516 Sic.

920 2530 970 2571 12,
990 2531 1050 2569 243
1071 2530 1137 2562 Cic.
1153 2530 1233 2572 Rep.
1253 2531 1280 2571 2,
1301 2531 1352 2561 37.

965 2587 1037 2618 1-2.
1062 2589 1102 2619 ab
1119 2587 1186 2625 lib„
1205 2597 1231 2617 c.
1261 2587 1311 2624 15,
1338 2587 1365 2616 7.
1402 2585 1509 2617 Ueber
1532 2587 1583 2617 die

916 2631 1015 2663 Form
1050 2634 1108 2663 der
1138 2632 1273 2663 Perinde
1308 2630 1512 2669 Nugas-bach
1548 2631 1581 2664 S.

913 2677 988 2708 408.
1008 2696 1050 2700 —
1070 2677 1195 2719 θυμω,
1220 2678 1309 2707 hatte
1328 2676 1481 2717 bewirkt,
1505 2676 1581 2708 dass
