<?xml version="1.0" encoding="UTF-8"?>
<!DOCTYPE html PUBLIC "-//W3C//DTD XHTML 1.0 Transitional//EN"
    "http://www.w3.org/TR/xhtml1/DTD/xhtml1-transitional.dtd">
<html xmlns="http://www.w3.org/1999/xhtml" xml:lang="en" lang="en">
 <head>
  <title>
</title>
<meta http-equiv="Content-Type" content="text/html;charset=utf-8" />
  <meta name='ocr-system' content='tesseract 3.04.00' />
  <meta name='ocr-capabilities' content='ocr_page ocr_carea ocr_par ocr_line ocrx_word'/>
</head>
<body>
  <div class='ocr_page' id='page_1' title='image "./aburbeconditalib0102livyuoft_0826.png"; bbox 0 0 1698 2864; ppageno 0'>
   <div class='ocr_carea' id='block_1_1' title="bbox 62 623 115 663">
    <p class='ocr_par' dir='ltr' id='par_1_1' title="bbox 62 623 115 663">
     <span class='ocr_line' id='line_1_1' title="bbox 62 623 115 663; baseline -0.038 0"><span class='ocrx_word' id='word_1_1' title='bbox 62 623 115 663; x_wconf 86' lang='grc'>16</span> 
     </span>
    </p>
   </div>
   <div class='ocr_carea' id='block_1_2' title="bbox 143 242 224 281">
    <p class='ocr_par' dir='ltr' id='par_1_2' title="bbox 143 242 224 281">
     <span class='ocr_line' id='line_1_2' title="bbox 143 242 224 281; baseline 0.012 -1"><span class='ocrx_word' id='word_1_2' title='bbox 143 242 224 281; x_wconf 83' lang='lat'>292</span> 
     </span>
    </p>
   </div>
   <div class='ocr_carea' id='block_1_3' title="bbox 602 238 1080 272">
    <p class='ocr_par' dir='ltr' id='par_1_3' title="bbox 602 238 1080 272">
     <span class='ocr_line' id='line_1_3' title="bbox 602 238 1080 272; baseline 0.002 -1"><span class='ocrx_word' id='word_1_3' title='bbox 602 238 728 272; x_wconf 81' lang='lat' dir='ltr'>LIBER</span> <span class='ocrx_word' id='word_1_4' title='bbox 745 239 785 272; x_wconf 90' lang='lat' dir='ltr'>V.</span> <span class='ocrx_word' id='word_1_5' title='bbox 827 239 918 272; x_wconf 89' lang='lat' dir='ltr'><strong>CAP.</strong></span> <span class='ocrx_word' id='word_1_6' title='bbox 947 240 998 272; x_wconf 85' lang='lat'>15.</span> <span class='ocrx_word' id='word_1_7' title='bbox 1027 239 1080 272; x_wconf 83' lang='lat'><strong>16.</strong></span> 
     </span>
    </p>
   </div>
   <div class='ocr_carea' id='block_1_4' title="bbox 1302 247 1545 274">
    <p class='ocr_par' dir='ltr' id='par_1_4' title="bbox 1302 247 1545 274">
     <span class='ocr_line' id='line_1_4' title="bbox 1302 247 1545 274; baseline 0.004 -1"><span class='ocrx_word' id='word_1_8' title='bbox 1302 256 1328 274; x_wconf 82' lang='lat' dir='ltr'>a.</span> <span class='ocrx_word' id='word_1_9' title='bbox 1350 255 1378 273; x_wconf 89' lang='lat' dir='ltr'><strong>u.</strong></span> <span class='ocrx_word' id='word_1_10' title='bbox 1399 247 1462 274; x_wconf 82' lang='lat'><strong>356.</strong></span> <span class='ocrx_word' id='word_1_11' title='bbox 1483 248 1545 274; x_wconf 80' lang='lat'><strong>35⁷.</strong></span> 
     </span>
    </p>
   </div>
   <div class='ocr_carea' id='block_1_5' title="bbox 139 340 1547 505">
    <p class='ocr_par' dir='ltr' id='par_1_5' title="bbox 139 340 1547 505">
     <span class='ocr_line' id='line_1_5' title="bbox 142 340 1547 389; baseline -0.002 -7"><span class='ocrx_word' id='word_1_12' title='bbox 142 343 393 389; x_wconf 85' lang='lat' dir='ltr'><strong>abundasset,</strong></span> <span class='ocrx_word' id='word_1_13' title='bbox 423 347 526 388; x_wconf 91' lang='lat' dir='ltr'>tum,</span> <span class='ocrx_word' id='word_1_14' title='bbox 557 342 589 380; x_wconf 90' lang='lat' dir='ltr'>si</span> <span class='ocrx_word' id='word_1_15' title='bbox 618 354 700 380; x_wconf 91' lang='lat' dir='ltr'>eam</span> <span class='ocrx_word' id='word_1_16' title='bbox 721 342 922 381; x_wconf 89' lang='lat' dir='ltr'>Romanus</span> <span class='ocrx_word' id='word_1_17' title='bbox 944 341 1016 380; x_wconf 89' lang='lat' dir='ltr'>rite</span> <span class='ocrx_word' id='word_1_18' title='bbox 1037 341 1250 388; x_wconf 82' lang='lat' dir='ltr'>emisisset,</span> <span class='ocrx_word' id='word_1_19' title='bbox 1278 341 1476 380; x_wconf 88' lang='lat' dir='ltr'>victoriam</span> <span class='ocrx_word' id='word_1_20' title='bbox 1500 340 1547 379; x_wconf 93' lang='lat' dir='ltr'>de</span> 
     </span>
     <span class='ocr_line' id='line_1_6' title="bbox 141 397 1546 449; baseline -0.002 -11"><span class='ocrx_word' id='word_1_21' title='bbox 141 398 363 438; x_wconf 85' lang='lat' dir='ltr'>Veientibus</span> <span class='ocrx_word' id='word_1_22' title='bbox 386 398 484 446; x_wconf 72' lang='lat' dir='ltr'>dari,</span> <span class='ocrx_word' id='word_1_23' title='bbox 506 403 710 449; x_wconf 84' lang='lat' dir='ltr'>antequam</span> <span class='ocrx_word' id='word_1_24' title='bbox 734 398 770 437; x_wconf 90' lang='lat' dir='ltr'>id</span> <span class='ocrx_word' id='word_1_25' title='bbox 792 399 869 444; x_wconf 86' lang='lat' dir='ltr'>fiat,</span> <span class='ocrx_word' id='word_1_26' title='bbox 892 398 988 436; x_wconf 89' lang='lat' dir='ltr'>deos</span> <span class='ocrx_word' id='word_1_27' title='bbox 1011 399 1162 437; x_wconf 88' lang='lat' dir='ltr'>moenia</span> <span class='ocrx_word' id='word_1_28' title='bbox 1179 397 1395 436; x_wconf 83' lang='lat' dir='ltr'>Veientium</span> <span class='ocrx_word' id='word_1_29' title='bbox 1413 397 1546 435; x_wconf 88' lang='lat' dir='ltr'>deser-</span> 
     </span>
     <span class='ocr_line' id='line_1_7' title="bbox 139 453 1545 505; baseline -0.001 -11"><span class='ocrx_word' id='word_1_30' title='bbox 139 460 250 494; x_wconf 83' lang='lat' dir='ltr'>turos</span> <span class='ocrx_word' id='word_1_31' title='bbox 267 467 348 494; x_wconf 91' lang='lat' dir='ltr'>non</span> <span class='ocrx_word' id='word_1_32' title='bbox 365 467 462 493; x_wconf 90' lang='lat' dir='ltr'>esse.</span> <span class='ocrx_word' id='word_1_33' title='bbox 485 454 768 505; x_wconf 85' lang='lat' dir='ltr'>exsequebatur</span> <span class='ocrx_word' id='word_1_34' title='bbox 783 454 885 499; x_wconf 93' lang='lat' dir='ltr'>inde,</span> <span class='ocrx_word' id='word_1_35' title='bbox 905 466 1003 504; x_wconf 91' lang='lat' dir='ltr'>quae</span> <span class='ocrx_word' id='word_1_36' title='bbox 1017 454 1216 493; x_wconf 84' lang='lat' dir='ltr'>sollemnis</span> <span class='ocrx_word' id='word_1_37' title='bbox 1231 453 1412 492; x_wconf 89' lang='lat' dir='ltr'>derivatio</span> <span class='ocrx_word' id='word_1_38' title='bbox 1427 457 1545 492; x_wconf 88' lang='lat' dir='ltr'>esset.</span> 
     </span>
    </p>
   </div>
   <div class='ocr_carea' id='block_1_6' title="bbox 75 509 1548 561">
    <p class='ocr_par' dir='ltr' id='par_1_6' title="bbox 75 509 1548 561">
     <span class='ocr_line' id='line_1_8' title="bbox 75 509 1548 561; baseline -0.001 -11"><span class='ocrx_word' id='word_1_39' title='bbox 75 518 114 549; x_wconf 92' lang='lat'>12</span> <span class='ocrx_word' id='word_1_40' title='bbox 143 511 209 550; x_wconf 89' lang='lat' dir='ltr'>sed</span> <span class='ocrx_word' id='word_1_41' title='bbox 238 515 437 550; x_wconf 80' lang='lat' dir='ltr'>auctorem</span> <span class='ocrx_word' id='word_1_42' title='bbox 462 511 583 549; x_wconf 90' lang='lat' dir='ltr'>levem</span> <span class='ocrx_word' id='word_1_43' title='bbox 611 522 682 549; x_wconf 88' lang='lat' dir='ltr'>nec</span> <span class='ocrx_word' id='word_1_44' title='bbox 710 510 802 549; x_wconf 91' lang='lat' dir='ltr'>satis</span> <span class='ocrx_word' id='word_1_45' title='bbox 832 510 953 549; x_wconf 90' lang='lat' dir='ltr'>fidum</span> <span class='ocrx_word' id='word_1_46' title='bbox 981 522 1099 561; x_wconf 91' lang='lat' dir='ltr'>super</span> <span class='ocrx_word' id='word_1_47' title='bbox 1126 515 1231 549; x_wconf 86' lang='lat' dir='ltr'>tanta</span> <span class='ocrx_word' id='word_1_48' title='bbox 1258 522 1299 549; x_wconf 90' lang='lat' dir='ltr'>re</span> <span class='ocrx_word' id='word_1_49' title='bbox 1325 514 1454 561; x_wconf 91' lang='lat' dir='ltr'>patres</span> <span class='ocrx_word' id='word_1_50' title='bbox 1475 509 1548 548; x_wconf 88' lang='lat' dir='ltr'>rati</span> 
     </span>
    </p>
   </div>
   <div class='ocr_carea' id='block_1_7' title="bbox 92 566 1550 1121">
    <p class='ocr_par' dir='ltr' id='par_1_7' title="bbox 92 566 1550 1121">
     <span class='ocr_line' id='line_1_9' title="bbox 143 566 1350 618; baseline -0.002 -12"><span class='ocrx_word' id='word_1_51' title='bbox 143 568 344 607; x_wconf 88' lang='lat' dir='ltr'>decrevere</span> <span class='ocrx_word' id='word_1_52' title='bbox 363 567 508 618; x_wconf 85' lang='lat' dir='ltr'>legatos</span> <span class='ocrx_word' id='word_1_53' title='bbox 531 572 730 617; x_wconf 88' lang='lat' dir='ltr'>sortesque</span> <span class='ocrx_word' id='word_1_54' title='bbox 751 566 894 605; x_wconf 88' lang='lat' dir='ltr'>oraculi</span> <span class='ocrx_word' id='word_1_55' title='bbox 915 566 1062 617; x_wconf 82' lang='lat' dir='ltr'>Pythici</span> <span class='ocrx_word' id='word_1_56' title='bbox 1083 566 1350 618; x_wconf 87' lang='lat' dir='ltr'>expectandas.</span> 
     </span>
     <span class='ocr_line' id='line_1_10' title="bbox 256 620 1548 674; baseline -0.002 -13"><span class='ocrx_word' id='word_1_57' title='bbox 256 623 488 674; x_wconf 88' lang='lat' dir='ltr'>Priusquam</span> <span class='ocrx_word' id='word_1_58' title='bbox 518 635 538 660; x_wconf 89' lang='lat' dir='ltr'>a</span> <span class='ocrx_word' id='word_1_59' title='bbox 567 622 720 674; x_wconf 87' lang='lat' dir='ltr'>Delphis</span> <span class='ocrx_word' id='word_1_60' title='bbox 750 627 924 661; x_wconf 85' lang='lat' dir='ltr'>oratores</span> <span class='ocrx_word' id='word_1_61' title='bbox 952 622 1137 669; x_wconf 79' lang='lat' dir='ltr'>redirent,</span> <span class='ocrx_word' id='word_1_62' title='bbox 1174 622 1354 661; x_wconf 86' lang='lat' dir='ltr'>Albanive</span> <span class='ocrx_word' id='word_1_63' title='bbox 1382 620 1548 672; x_wconf 84' lang='lat' dir='ltr'>prodigii</span> 
     </span>
     <span class='ocr_line' id='line_1_11' title="bbox 142 677 1549 730; baseline -0.002 -12"><span class='ocrx_word' id='word_1_64' title='bbox 142 679 289 730; x_wconf 90' lang='lat' dir='ltr'>piacula</span> <span class='ocrx_word' id='word_1_65' title='bbox 311 679 584 724; x_wconf 85' lang='lat' dir='ltr'>invenirentur,</span> <span class='ocrx_word' id='word_1_66' title='bbox 607 678 696 716; x_wconf 92' lang='lat' dir='ltr'>novi</span> <span class='ocrx_word' id='word_1_67' title='bbox 716 678 860 717; x_wconf 88' lang='lat' dir='ltr'>tribuni</span> <span class='ocrx_word' id='word_1_68' title='bbox 882 678 1045 717; x_wconf 90' lang='lat' dir='ltr'>militum</span> <span class='ocrx_word' id='word_1_69' title='bbox 1068 678 1261 717; x_wconf 82' lang='lat' dir='ltr'>consulari</span> <span class='ocrx_word' id='word_1_70' title='bbox 1279 681 1483 728; x_wconf 82' lang='lat' dir='ltr'>potestate,</span> <span class='ocrx_word' id='word_1_71' title='bbox 1506 677 1549 715; x_wconf 91' lang='lat' dir='ltr'>L.</span> 
     </span>
     <span class='ocr_line' id='line_1_12' title="bbox 141 733 1548 785; baseline -0.002 -11"><span class='ocrx_word' id='word_1_72' title='bbox 141 736 258 774; x_wconf 91' lang='lat' dir='ltr'>Iulius</span> <span class='ocrx_word' id='word_1_73' title='bbox 290 735 393 774; x_wconf 91' lang='lat' dir='ltr'>Iulus</span> <span class='ocrx_word' id='word_1_74' title='bbox 423 735 463 773; x_wconf 90' lang='lat' dir='ltr'>L.</span> <span class='ocrx_word' id='word_1_75' title='bbox 493 734 632 773; x_wconf 85' lang='lat' dir='ltr'>Furius</span> <span class='ocrx_word' id='word_1_76' title='bbox 661 734 890 773; x_wconf 87' lang='lat' dir='ltr'>Medullinus</span> <span class='ocrx_word' id='word_1_77' title='bbox 919 739 1097 785; x_wconf 86' lang='lat' dir='ltr'>quartum</span> <span class='ocrx_word' id='word_1_78' title='bbox 1127 734 1169 772; x_wconf 94' lang='lat' dir='ltr'>L.</span> <span class='ocrx_word' id='word_1_79' title='bbox 1202 734 1361 784; x_wconf 85' lang='lat' dir='ltr'>Sergius</span> <span class='ocrx_word' id='word_1_80' title='bbox 1383 733 1548 772; x_wconf 89' lang='lat' dir='ltr'>Fidenas</span> 
     </span>
     <span class='ocr_line' id='line_1_13' title="bbox 143 789 1550 840; baseline -0.001 -10"><span class='ocrx_word' id='word_1_81' title='bbox 143 792 183 830; x_wconf 83' lang='lat' dir='ltr'>A.</span> <span class='ocrx_word' id='word_1_82' title='bbox 206 791 432 830; x_wconf 83' lang='lat' dir='ltr'>Postumius</span> <span class='ocrx_word' id='word_1_83' title='bbox 460 790 686 840; x_wconf 79' lang='lat' dir='ltr'>Regillensis</span> <span class='ocrx_word' id='word_1_84' title='bbox 716 790 759 828; x_wconf 92' lang='lat' dir='ltr'>P.</span> <span class='ocrx_word' id='word_1_85' title='bbox 781 789 982 829; x_wconf 88' lang='lat' dir='ltr'>Cornelius</span> <span class='ocrx_word' id='word_1_86' title='bbox 1010 789 1283 840; x_wconf 84' lang='lat' dir='ltr'>Maluginensis</span> <span class='ocrx_word' id='word_1_87' title='bbox 1313 790 1354 828; x_wconf 88' lang='grc' dir='ltr'>Α.</span> <span class='ocrx_word' id='word_1_88' title='bbox 1377 789 1550 836; x_wconf 80' lang='lat' dir='ltr'>Manlius,</span> 
     </span>
     <span class='ocr_line' id='line_1_14' title="bbox 92 846 1549 896; baseline 0 -12"><span class='ocrx_word' id='word_1_89' title='bbox 92 851 113 883; x_wconf 88' lang='grc'>2</span> <span class='ocrx_word' id='word_1_90' title='bbox 142 847 404 896; x_wconf 87' lang='lat' dir='ltr'>magistratum</span> <span class='ocrx_word' id='word_1_91' title='bbox 439 846 616 885; x_wconf 89' lang='lat' dir='ltr'>inierunt.</span> <span class='ocrx_word' id='word_1_92' title='bbox 663 858 707 884; x_wconf 91' lang='lat' dir='ltr'>eo</span> <span class='ocrx_word' id='word_1_93' title='bbox 741 857 842 884; x_wconf 85' lang='lat' dir='ltr'>anno</span> <span class='ocrx_word' id='word_1_94' title='bbox 871 846 1173 896; x_wconf 85' lang='lat' dir='ltr'>Tarquinienses</span> <span class='ocrx_word' id='word_1_95' title='bbox 1201 847 1291 884; x_wconf 92' lang='lat' dir='ltr'>novi</span> <span class='ocrx_word' id='word_1_96' title='bbox 1320 846 1452 884; x_wconf 90' lang='lat' dir='ltr'>hostes</span> <span class='ocrx_word' id='word_1_97' title='bbox 1481 858 1549 884; x_wconf 84' lang='lat' dir='ltr'>ex-</span> 
     </span>
     <span class='ocr_line' id='line_1_15' title="bbox 143 901 1548 954; baseline -0.001 -13"><span class='ocrx_word' id='word_1_98' title='bbox 143 903 227 941; x_wconf 90' lang='lat' dir='ltr'>orti.</span> <span class='ocrx_word' id='word_1_99' title='bbox 269 903 355 954; x_wconf 92' lang='lat' dir='ltr'>quia</span> <span class='ocrx_word' id='word_1_100' title='bbox 377 903 509 941; x_wconf 87' lang='lat' dir='ltr'>multis</span> <span class='ocrx_word' id='word_1_101' title='bbox 532 901 646 941; x_wconf 88' lang='lat' dir='ltr'>simul</span> <span class='ocrx_word' id='word_1_102' title='bbox 666 901 796 947; x_wconf 88' lang='lat' dir='ltr'>bellis,</span> <span class='ocrx_word' id='word_1_103' title='bbox 821 902 1050 941; x_wconf 88' lang='lat' dir='ltr'>Volscorum</span> <span class='ocrx_word' id='word_1_104' title='bbox 1073 902 1120 940; x_wconf 91' lang='lat' dir='ltr'>ad</span> <span class='ocrx_word' id='word_1_105' title='bbox 1141 903 1287 948; x_wconf 87' lang='lat' dir='ltr'>Anxur,</span> <span class='ocrx_word' id='word_1_106' title='bbox 1311 901 1376 940; x_wconf 92' lang='lat' dir='ltr'>ubi</span> <span class='ocrx_word' id='word_1_107' title='bbox 1397 901 1548 953; x_wconf 89' lang='lat' dir='ltr'>praesi-</span> 
     </span>
     <span class='ocr_line' id='line_1_16' title="bbox 140 957 1548 1009; baseline -0.001 -12"><span class='ocrx_word' id='word_1_108' title='bbox 140 959 246 998; x_wconf 89' lang='lat' dir='ltr'>dium</span> <span class='ocrx_word' id='word_1_109' title='bbox 270 957 528 1005; x_wconf 84' lang='lat' dir='ltr'>obsidebatur,</span> <span class='ocrx_word' id='word_1_110' title='bbox 552 958 776 1009; x_wconf 86' lang='lat' dir='ltr'>Aequorum</span> <span class='ocrx_word' id='word_1_111' title='bbox 797 958 842 996; x_wconf 91' lang='lat' dir='ltr'>ad</span> <span class='ocrx_word' id='word_1_112' title='bbox 861 958 1036 1007; x_wconf 87' lang='lat' dir='ltr'>Labicos,</span> <span class='ocrx_word' id='word_1_113' title='bbox 1058 958 1123 1009; x_wconf 88' lang='lat' dir='ltr'>qui</span> <span class='ocrx_word' id='word_1_114' title='bbox 1140 958 1355 997; x_wconf 89' lang='lat' dir='ltr'>Romanam</span> <span class='ocrx_word' id='word_1_115' title='bbox 1372 957 1422 996; x_wconf 89' lang='lat' dir='ltr'>ibi</span> <span class='ocrx_word' id='word_1_116' title='bbox 1441 957 1548 996; x_wconf 88' lang='lat' dir='ltr'>colo-</span> 
     </span>
     <span class='ocr_line' id='line_1_17' title="bbox 139 1013 1547 1066; baseline -0.001 -14"><span class='ocrx_word' id='word_1_117' title='bbox 139 1015 243 1053; x_wconf 92' lang='lat' dir='ltr'>niam</span> <span class='ocrx_word' id='word_1_118' title='bbox 266 1014 553 1065; x_wconf 86' lang='lat' dir='ltr'>oppugnabant,</span> <span class='ocrx_word' id='word_1_119' title='bbox 577 1014 623 1052; x_wconf 91' lang='lat' dir='ltr'>ad</span> <span class='ocrx_word' id='word_1_120' title='bbox 646 1015 720 1053; x_wconf 89' lang='lat' dir='ltr'>hoc</span> <span class='ocrx_word' id='word_1_121' title='bbox 736 1014 958 1065; x_wconf 88' lang='lat' dir='ltr'>Veientique</span> <span class='ocrx_word' id='word_1_122' title='bbox 980 1020 1017 1053; x_wconf 88' lang='lat' dir='ltr'>et</span> <span class='ocrx_word' id='word_1_123' title='bbox 1032 1015 1181 1053; x_wconf 88' lang='lat' dir='ltr'>Falisco</span> <span class='ocrx_word' id='word_1_124' title='bbox 1199 1020 1235 1053; x_wconf 90' lang='lat' dir='ltr'>et</span> <span class='ocrx_word' id='word_1_125' title='bbox 1252 1013 1434 1066; x_wconf 89' lang='lat' dir='ltr'>Capenati</span> <span class='ocrx_word' id='word_1_126' title='bbox 1450 1013 1547 1052; x_wconf 87' lang='lat' dir='ltr'>bello</span> 
     </span>
     <span class='ocr_line' id='line_1_18' title="bbox 142 1070 1550 1121; baseline 0 -12"><span class='ocrx_word' id='word_1_127' title='bbox 142 1076 353 1121; x_wconf 88' lang='lat' dir='ltr'>occupatos</span> <span class='ocrx_word' id='word_1_128' title='bbox 375 1070 552 1108; x_wconf 86' lang='lat' dir='ltr'>videbant</span> <span class='ocrx_word' id='word_1_129' title='bbox 572 1070 793 1116; x_wconf 88' lang='lat' dir='ltr'>Romanos,</span> <span class='ocrx_word' id='word_1_130' title='bbox 816 1082 887 1109; x_wconf 90' lang='lat' dir='ltr'>nec</span> <span class='ocrx_word' id='word_1_131' title='bbox 907 1071 1006 1109; x_wconf 90' lang='lat' dir='ltr'>intra</span> <span class='ocrx_word' id='word_1_132' title='bbox 1029 1083 1165 1109; x_wconf 91' lang='lat' dir='ltr'>muros</span> <span class='ocrx_word' id='word_1_133' title='bbox 1188 1070 1374 1121; x_wconf 85' lang='lat' dir='ltr'>quietiora</span> <span class='ocrx_word' id='word_1_134' title='bbox 1395 1070 1550 1120; x_wconf 84' lang='lat' dir='ltr'>negotia</span> 
     </span>
    </p>
   </div>
   <div class='ocr_carea' id='block_1_8' title="bbox 140 1125 1550 1512">
    <p class='ocr_par' dir='ltr' id='par_1_8' title="bbox 140 1125 1550 1512">
     <span class='ocr_line' id='line_1_19' title="bbox 143 1125 1549 1177; baseline -0.001 -13"><span class='ocrx_word' id='word_1_135' title='bbox 143 1139 228 1165; x_wconf 88' lang='lat' dir='ltr'>esse</span> <span class='ocrx_word' id='word_1_136' title='bbox 255 1126 527 1165; x_wconf 84' lang='lat' dir='ltr'>certaminibus</span> <span class='ocrx_word' id='word_1_137' title='bbox 559 1131 712 1176; x_wconf 91' lang='lat' dir='ltr'>patrum</span> <span class='ocrx_word' id='word_1_138' title='bbox 737 1139 780 1165; x_wconf 92' lang='lat' dir='ltr'>ac</span> <span class='ocrx_word' id='word_1_139' title='bbox 807 1125 951 1177; x_wconf 88' lang='lat' dir='ltr'>plebis,</span> <span class='ocrx_word' id='word_1_140' title='bbox 987 1126 1087 1165; x_wconf 88' lang='lat' dir='ltr'>inter</span> <span class='ocrx_word' id='word_1_141' title='bbox 1114 1127 1207 1165; x_wconf 84' lang='lat' dir='ltr'>haec</span> <span class='ocrx_word' id='word_1_142' title='bbox 1232 1127 1360 1165; x_wconf 91' lang='lat' dir='ltr'>locum</span> <span class='ocrx_word' id='word_1_143' title='bbox 1389 1126 1549 1164; x_wconf 86' lang='lat' dir='ltr'>iniuriae</span> 
     </span>
     <span class='ocr_line' id='line_1_20' title="bbox 142 1182 1546 1233; baseline 0 -13"><span class='ocrx_word' id='word_1_144' title='bbox 142 1183 212 1221; x_wconf 89' lang='lat' dir='ltr'>rati</span> <span class='ocrx_word' id='word_1_145' title='bbox 247 1195 352 1229; x_wconf 89' lang='lat' dir='ltr'>esse,</span> <span class='ocrx_word' id='word_1_146' title='bbox 390 1182 617 1233; x_wconf 90' lang='lat' dir='ltr'>praedatum</span> <span class='ocrx_word' id='word_1_147' title='bbox 653 1182 691 1220; x_wconf 91' lang='lat' dir='ltr'>in</span> <span class='ocrx_word' id='word_1_148' title='bbox 727 1194 862 1233; x_wconf 85' lang='lat' dir='ltr'>agrum</span> <span class='ocrx_word' id='word_1_149' title='bbox 891 1182 1110 1221; x_wconf 81' lang='lat' dir='ltr'>Romanum</span> <span class='ocrx_word' id='word_1_150' title='bbox 1140 1183 1320 1221; x_wconf 89' lang='lat' dir='ltr'>cohortes</span> <span class='ocrx_word' id='word_1_151' title='bbox 1351 1182 1546 1233; x_wconf 90' lang='lat' dir='ltr'>expeditas</span> 
     </span>
     <span class='ocr_line' id='line_1_21' title="bbox 142 1238 1550 1288; baseline 0 -12"><span class='ocrx_word' id='word_1_152' title='bbox 142 1238 318 1276; x_wconf 88' lang='lat' dir='ltr'>mittunt:</span> <span class='ocrx_word' id='word_1_153' title='bbox 349 1244 412 1277; x_wconf 89' lang='lat' dir='ltr'>aut</span> <span class='ocrx_word' id='word_1_154' title='bbox 433 1238 536 1276; x_wconf 89' lang='lat' dir='ltr'>enim</span> <span class='ocrx_word' id='word_1_155' title='bbox 558 1250 745 1288; x_wconf 88' lang='lat' dir='ltr'>passuros</span> <span class='ocrx_word' id='word_1_156' title='bbox 768 1238 929 1276; x_wconf 90' lang='lat' dir='ltr'>inultam</span> <span class='ocrx_word' id='word_1_157' title='bbox 951 1251 1035 1276; x_wconf 89' lang='lat' dir='ltr'>eam</span> <span class='ocrx_word' id='word_1_158' title='bbox 1057 1238 1236 1277; x_wconf 89' lang='lat' dir='ltr'>iniuriam</span> <span class='ocrx_word' id='word_1_159' title='bbox 1258 1238 1479 1284; x_wconf 87' lang='lat' dir='ltr'>Romanos,</span> <span class='ocrx_word' id='word_1_160' title='bbox 1501 1250 1550 1276; x_wconf 89' lang='lat' dir='ltr'>ne</span> 
     </span>
     <span class='ocr_line' id='line_1_22' title="bbox 140 1293 1550 1345; baseline 0 -13"><span class='ocrx_word' id='word_1_161' title='bbox 140 1305 241 1332; x_wconf 92' lang='lat' dir='ltr'>novo</span> <span class='ocrx_word' id='word_1_162' title='bbox 264 1293 362 1332; x_wconf 86' lang='lat' dir='ltr'>bello</span> <span class='ocrx_word' id='word_1_163' title='bbox 386 1307 427 1332; x_wconf 90' lang='lat' dir='ltr'>se</span> <span class='ocrx_word' id='word_1_164' title='bbox 450 1298 666 1339; x_wconf 89' lang='lat' dir='ltr'>onerarent,</span> <span class='ocrx_word' id='word_1_165' title='bbox 690 1298 756 1332; x_wconf 90' lang='lat' dir='ltr'>aut</span> <span class='ocrx_word' id='word_1_166' title='bbox 777 1294 914 1344; x_wconf 90' lang='lat' dir='ltr'>exiguo</span> <span class='ocrx_word' id='word_1_167' title='bbox 938 1307 1061 1345; x_wconf 92' lang='lat' dir='ltr'>eoque</span> <span class='ocrx_word' id='word_1_168' title='bbox 1081 1306 1218 1345; x_wconf 87' lang='lat' dir='ltr'>parum</span> <span class='ocrx_word' id='word_1_169' title='bbox 1240 1294 1363 1333; x_wconf 88' lang='lat' dir='ltr'>valido</span> <span class='ocrx_word' id='word_1_170' title='bbox 1382 1294 1550 1333; x_wconf 86' lang='lat' dir='ltr'>exercitu</span> 
     </span>
     <span class='ocr_line' id='line_1_23' title="bbox 140 1349 1547 1402; baseline 0 -14"><span class='ocrx_word' id='word_1_171' title='bbox 140 1355 426 1401; x_wconf 89' lang='lat' dir='ltr'>persecuturos.</span> <span class='ocrx_word' id='word_1_172' title='bbox 463 1349 647 1388; x_wconf 89' lang='lat' dir='ltr'>Romanis</span> <span class='ocrx_word' id='word_1_173' title='bbox 671 1350 879 1400; x_wconf 82' lang='lat' dir='ltr'>indignitas</span> <span class='ocrx_word' id='word_1_174' title='bbox 902 1350 1028 1389; x_wconf 86' lang='lat' dir='ltr'>maior</span> <span class='ocrx_word' id='word_1_175' title='bbox 1044 1363 1159 1402; x_wconf 88' lang='lat' dir='ltr'>quam</span> <span class='ocrx_word' id='word_1_176' title='bbox 1178 1363 1267 1389; x_wconf 86' lang='lat' dir='ltr'>cura</span> <span class='ocrx_word' id='word_1_177' title='bbox 1286 1349 1547 1401; x_wconf 88' lang='lat' dir='ltr'>populationis</span> 
     </span>
     <span class='ocr_line' id='line_1_24' title="bbox 142 1405 1550 1458; baseline 0.001 -14"><span class='ocrx_word' id='word_1_178' title='bbox 142 1406 477 1457; x_wconf 86' lang='lat' dir='ltr'>Tarquiniensium</span> <span class='ocrx_word' id='word_1_179' title='bbox 499 1405 591 1444; x_wconf 85' lang='lat' dir='ltr'>fuit:</span> <span class='ocrx_word' id='word_1_180' title='bbox 618 1419 663 1444; x_wconf 92' lang='lat' dir='ltr'>eo</span> <span class='ocrx_word' id='word_1_181' title='bbox 685 1418 755 1445; x_wconf 89' lang='lat' dir='ltr'>nec</span> <span class='ocrx_word' id='word_1_182' title='bbox 777 1418 917 1456; x_wconf 88' lang='lat' dir='ltr'>magno</span> <span class='ocrx_word' id='word_1_183' title='bbox 941 1412 1082 1445; x_wconf 89' lang='lat' dir='ltr'>conatu</span> <span class='ocrx_word' id='word_1_184' title='bbox 1103 1412 1284 1458; x_wconf 87' lang='lat' dir='ltr'>suscepta</span> <span class='ocrx_word' id='word_1_185' title='bbox 1305 1419 1377 1445; x_wconf 89' lang='lat' dir='ltr'>nec</span> <span class='ocrx_word' id='word_1_186' title='bbox 1397 1406 1436 1445; x_wconf 91' lang='lat' dir='ltr'>in</span> <span class='ocrx_word' id='word_1_187' title='bbox 1457 1406 1550 1445; x_wconf 91' lang='lat' dir='ltr'>lon-</span> 
     </span>
     <span class='ocr_line' id='line_1_25' title="bbox 141 1462 1549 1512; baseline 0.001 -12"><span class='ocrx_word' id='word_1_188' title='bbox 141 1474 230 1512; x_wconf 88' lang='lat' dir='ltr'>gum</span> <span class='ocrx_word' id='word_1_189' title='bbox 259 1462 371 1501; x_wconf 86' lang='lat' dir='ltr'>dilata</span> <span class='ocrx_word' id='word_1_190' title='bbox 399 1474 461 1500; x_wconf 88' lang='lat' dir='ltr'>res</span> <span class='ocrx_word' id='word_1_191' title='bbox 489 1467 558 1500; x_wconf 91' lang='lat' dir='ltr'>est.</span> <span class='ocrx_word' id='word_1_192' title='bbox 600 1463 642 1500; x_wconf 92' lang='lat' dir='ltr'>A.</span> <span class='ocrx_word' id='word_1_193' title='bbox 665 1462 889 1501; x_wconf 88' lang='lat' dir='ltr'>Postumius</span> <span class='ocrx_word' id='word_1_194' title='bbox 919 1468 956 1501; x_wconf 86' lang='lat' dir='ltr'>et</span> <span class='ocrx_word' id='word_1_195' title='bbox 977 1463 1016 1501; x_wconf 90' lang='lat' dir='ltr'>L.</span> <span class='ocrx_word' id='word_1_196' title='bbox 1040 1462 1156 1502; x_wconf 90' lang='lat' dir='ltr'>Iulius</span> <span class='ocrx_word' id='word_1_197' title='bbox 1179 1475 1260 1501; x_wconf 91' lang='lat' dir='ltr'>non</span> <span class='ocrx_word' id='word_1_198' title='bbox 1280 1462 1384 1502; x_wconf 86' lang='lat' dir='ltr'>iusto</span> <span class='ocrx_word' id='word_1_199' title='bbox 1407 1462 1549 1501; x_wconf 85' lang='lat' dir='ltr'>dilectu</span> 
     </span>
    </p>
   </div>
   <div class='ocr_carea' id='block_1_9' title="bbox 137 1572 808 2597">
    <p class='ocr_par' dir='ltr' id='par_1_9' title="bbox 137 1572 808 2597">
     <span class='ocr_line' id='line_1_26' title="bbox 140 1572 805 1611; baseline 0 -7"><span class='ocrx_word' id='word_1_200' title='bbox 140 1582 210 1604; x_wconf 87' lang='lat' dir='ltr'>sen.</span> <span class='ocrx_word' id='word_1_201' title='bbox 229 1590 272 1595; x_wconf 90' lang='lat'><strong>—</strong></span> <span class='ocrx_word' id='word_1_202' title='bbox 289 1572 506 1611; x_wconf 80' lang='lat' dir='ltr'>abundasset,</span> <span class='ocrx_word' id='word_1_203' title='bbox 521 1573 641 1604; x_wconf 85' lang='lat' dir='ltr'>anders</span> <span class='ocrx_word' id='word_1_204' title='bbox 656 1572 805 1605; x_wconf 88' lang='lat' dir='ltr'><strong>Cic.Div.</strong></span> 
     </span>
     <span class='ocr_line' id='line_1_27' title="bbox 140 1617 807 1659; baseline 0.001 -11"><span class='ocrx_word' id='word_1_205' title='bbox 140 1617 171 1658; x_wconf 87' lang='lat'>2,</span> <span class='ocrx_word' id='word_1_206' title='bbox 195 1617 254 1648; x_wconf 82' lang='lat'>32:</span> <span class='ocrx_word' id='word_1_207' title='bbox 284 1620 315 1649; x_wconf 85' lang='lat' dir='ltr'>si</span> <span class='ocrx_word' id='word_1_208' title='bbox 340 1617 434 1649; x_wconf 85' lang='lat' dir='ltr'>lacus</span> <span class='ocrx_word' id='word_1_209' title='bbox 462 1617 539 1650; x_wconf 82' lang='lat' dir='ltr'><strong>Alb.</strong></span> <span class='ocrx_word' id='word_1_210' title='bbox 570 1618 807 1659; x_wconf 75' lang='lat' dir='ltr'>redundasset,</span> 
     </span>
     <span class='ocr_line' id='line_1_28' title="bbox 137 1662 807 1704; baseline 0.001 -11"><span class='ocrx_word' id='word_1_211' title='bbox 137 1663 232 1704; x_wconf 82' lang='lat' dir='ltr'>isque</span> <span class='ocrx_word' id='word_1_212' title='bbox 262 1663 297 1693; x_wconf 80' lang='lat' dir='ltr'>in</span> <span class='ocrx_word' id='word_1_213' title='bbox 328 1673 423 1694; x_wconf 81' lang='lat' dir='ltr'>mare</span> <span class='ocrx_word' id='word_1_214' title='bbox 443 1662 628 1704; x_wconf 68' lang='lat' dir='ltr'>fluxisset,</span> <span class='ocrx_word' id='word_1_215' title='bbox 664 1662 807 1695; x_wconf 77' lang='lat' dir='ltr'>Romam</span> 
     </span>
     <span class='ocr_line' id='line_1_29' title="bbox 137 1708 806 1750; baseline 0.001 -13"><span class='ocrx_word' id='word_1_216' title='bbox 137 1708 336 1750; x_wconf 77' lang='lat' dir='ltr'>perituram,</span> <span class='ocrx_word' id='word_1_217' title='bbox 346 1708 377 1738; x_wconf 74' lang='grc' dir='ltr'>εἰ</span> <span class='ocrx_word' id='word_1_218' title='bbox 389 1717 570 1749; x_wconf 80' lang='lat' dir='ltr'>repressus</span> <span class='ocrx_word' id='word_1_219' title='bbox 585 1710 682 1746; x_wconf 75' lang='lat' dir='ltr'>esset,</span> <span class='ocrx_word' id='word_1_220' title='bbox 692 1708 806 1748; x_wconf 77' lang='lat' dir='ltr'>Veios,</span> 
     </span>
     <span class='ocr_line' id='line_1_30' title="bbox 138 1751 806 1793; baseline 0.001 -11"><span class='ocrx_word' id='word_1_221' title='bbox 138 1751 182 1783; x_wconf 92' lang='lat' dir='ltr'>ib.</span> <span class='ocrx_word' id='word_1_222' title='bbox 205 1752 231 1790; x_wconf 93' lang='lat'>1,</span> <span class='ocrx_word' id='word_1_223' title='bbox 250 1751 292 1782; x_wconf 87' lang='grc'>44</span> <span class='ocrx_word' id='word_1_224' title='bbox 310 1762 340 1782; x_wconf 91' lang='lat' dir='ltr'>u.</span> <span class='ocrx_word' id='word_1_225' title='bbox 365 1751 386 1793; x_wconf 67' lang='grc' dir='ltr'><strong>ξ</strong></span> <span class='ocrx_word' id='word_1_226' title='bbox 405 1751 437 1782; x_wconf 83' lang='grc'>2.</span> <span class='ocrx_word' id='word_1_227' title='bbox 480 1752 570 1784; x_wconf 86' lang='lat' dir='ltr'>Nach</span> <span class='ocrx_word' id='word_1_228' title='bbox 594 1752 631 1783; x_wconf 90' lang='lat' dir='ltr'>L.</span> <span class='ocrx_word' id='word_1_229' title='bbox 657 1753 745 1783; x_wconf 85' lang='lat' dir='ltr'>hiess</span> <span class='ocrx_word' id='word_1_230' title='bbox 770 1762 806 1783; x_wconf 91' lang='lat' dir='ltr'>es</span> 
     </span>
     <span class='ocr_line' id='line_1_31' title="bbox 138 1795 807 1835; baseline 0.003 -9"><span class='ocrx_word' id='word_1_231' title='bbox 138 1796 169 1827; x_wconf 91' lang='lat' dir='ltr'>in</span> <span class='ocrx_word' id='word_1_232' title='bbox 194 1796 255 1826; x_wconf 91' lang='lat' dir='ltr'>den</span> <span class='ocrx_word' id='word_1_233' title='bbox 280 1796 355 1827; x_wconf 90' lang='lat' dir='ltr'>libri</span> <span class='ocrx_word' id='word_1_234' title='bbox 373 1795 430 1827; x_wconf 84' lang='lat' dir='ltr'>fat.</span> <span class='ocrx_word' id='word_1_235' title='bbox 450 1807 527 1835; x_wconf 88' lang='lat' dir='ltr'>nur,</span> <span class='ocrx_word' id='word_1_236' title='bbox 552 1797 628 1828; x_wconf 89' lang='lat' dir='ltr'>dass</span> <span class='ocrx_word' id='word_1_237' title='bbox 653 1798 704 1828; x_wconf 84' lang='lat' dir='ltr'>die</span> <span class='ocrx_word' id='word_1_238' title='bbox 728 1797 807 1828; x_wconf 91' lang='lat' dir='ltr'>Ein-</span> 
     </span>
     <span class='ocr_line' id='line_1_32' title="bbox 138 1841 808 1881; baseline 0.003 -10"><span class='ocrx_word' id='word_1_239' title='bbox 138 1841 252 1871; x_wconf 89' lang='lat' dir='ltr'>nahme</span> <span class='ocrx_word' id='word_1_240' title='bbox 282 1842 341 1872; x_wconf 89' lang='lat' dir='ltr'>der</span> <span class='ocrx_word' id='word_1_241' title='bbox 364 1841 460 1872; x_wconf 86' lang='lat' dir='ltr'>stadt</span> <span class='ocrx_word' id='word_1_242' title='bbox 487 1851 527 1872; x_wconf 88' lang='lat' dir='ltr'>an</span> <span class='ocrx_word' id='word_1_243' title='bbox 553 1842 603 1873; x_wconf 91' lang='lat' dir='ltr'>die</span> <span class='ocrx_word' id='word_1_244' title='bbox 627 1842 808 1881; x_wconf 83' lang='lat' dir='ltr'>Ableitung</span> 
     </span>
     <span class='ocr_line' id='line_1_33' title="bbox 139 1884 805 1928; baseline 0.003 -12"><span class='ocrx_word' id='word_1_245' title='bbox 139 1886 196 1916; x_wconf 81' lang='lat' dir='ltr'>des</span> <span class='ocrx_word' id='word_1_246' title='bbox 216 1884 376 1917; x_wconf 61' lang='lat' dir='ltr'>VVassers</span> <span class='ocrx_word' id='word_1_247' title='bbox 400 1885 562 1928; x_wconf 85' lang='lat' dir='ltr'>gekniipft</span> <span class='ocrx_word' id='word_1_248' title='bbox 579 1887 638 1926; x_wconf 88' lang='lat' dir='ltr'>sei,</span> <span class='ocrx_word' id='word_1_249' title='bbox 664 1897 690 1918; x_wconf 93' lang='lat' dir='ltr'>s.</span> <span class='ocrx_word' id='word_1_250' title='bbox 711 1887 805 1918; x_wconf 83' lang='lat' dir='ltr'>Dion.</span> 
     </span>
     <span class='ocr_line' id='line_1_34' title="bbox 141 1930 806 1972; baseline 0.005 -12"><span class='ocrx_word' id='word_1_251' title='bbox 141 1930 199 1967; x_wconf 80' lang='lat'>12;</span> <span class='ocrx_word' id='word_1_252' title='bbox 223 1930 280 1969; x_wconf 85' lang='lat'>133</span> <span class='ocrx_word' id='word_1_253' title='bbox 300 1941 336 1961; x_wconf 92' lang='lat' dir='ltr'>so</span> <span class='ocrx_word' id='word_1_254' title='bbox 355 1931 450 1971; x_wconf 77' lang='lat' dir='ltr'>lange</span> <span class='ocrx_word' id='word_1_255' title='bbox 466 1931 556 1962; x_wconf 89' lang='lat' dir='ltr'>diese</span> <span class='ocrx_word' id='word_1_256' title='bbox 571 1931 659 1963; x_wconf 81' lang='lat' dir='ltr'>nicht</span> <span class='ocrx_word' id='word_1_257' title='bbox 673 1931 806 1972; x_wconf 82' lang='lat' dir='ltr'>erfolgt,</span> 
     </span>
     <span class='ocr_line' id='line_1_35' title="bbox 139 1974 806 2015; baseline 0.004 -10"><span class='ocrx_word' id='word_1_258' title='bbox 139 1976 195 2005; x_wconf 87' lang='lat' dir='ltr'>bat</span> <span class='ocrx_word' id='word_1_259' title='bbox 218 1974 292 2015; x_wconf 87' lang='lat' dir='ltr'>Veji</span> <span class='ocrx_word' id='word_1_260' title='bbox 317 1976 423 2006; x_wconf 87' lang='lat' dir='ltr'>nichts</span> <span class='ocrx_word' id='word_1_261' title='bbox 453 1987 493 2006; x_wconf 89' lang='lat' dir='ltr'>zu</span> <span class='ocrx_word' id='word_1_262' title='bbox 517 1975 683 2008; x_wconf 82' lang='lat' dir='ltr'>fiircbten:</span> <span class='ocrx_word' id='word_1_263' title='bbox 709 1979 806 2008; x_wconf 81' lang='lat' dir='ltr'>ante-</span> 
     </span>
     <span class='ocr_line' id='line_1_36' title="bbox 138 2019 806 2061; baseline 0.004 -12"><span class='ocrx_word' id='word_1_264' title='bbox 138 2029 239 2061; x_wconf 80' lang='lat' dir='ltr'>quam</span> <span class='ocrx_word' id='word_1_265' title='bbox 258 2038 279 2041; x_wconf 97' lang='lat'><strong>—</strong></span> <span class='ocrx_word' id='word_1_266' title='bbox 298 2019 494 2052; x_wconf 78' lang='lat' dir='ltr'>deserturos</span> <span class='ocrx_word' id='word_1_267' title='bbox 527 2031 593 2052; x_wconf 81' lang='lat' dir='ltr'>mm</span> <span class='ocrx_word' id='word_1_268' title='bbox 623 2032 712 2059; x_wconf 81' lang='lat' dir='ltr'>esse3</span> <span class='ocrx_word' id='word_1_269' title='bbox 748 2032 806 2061; x_wconf 88' lang='lat' dir='ltr'>ge-</span> 
     </span>
     <span class='ocr_line' id='line_1_37' title="bbox 139 2064 807 2107; baseline 0.007 -15"><span class='ocrx_word' id='word_1_270' title='bbox 139 2072 241 2093; x_wconf 86' lang='lat' dir='ltr'>nauer</span> <span class='ocrx_word' id='word_1_271' title='bbox 270 2064 314 2094; x_wconf 82' lang='lat' dir='ltr'>ist</span> <span class='ocrx_word' id='word_1_272' title='bbox 343 2065 400 2095; x_wconf 85' lang='lat' dir='ltr'>das</span> <span class='ocrx_word' id='word_1_273' title='bbox 432 2064 555 2096; x_wconf 85' lang='lat' dir='ltr'>Orakel</span> <span class='ocrx_word' id='word_1_274' title='bbox 584 2076 611 2096; x_wconf 88' lang='lat' dir='ltr'>c.</span> <span class='ocrx_word' id='word_1_275' title='bbox 638 2066 687 2107; x_wconf 86' lang='lat'>16,</span> <span class='ocrx_word' id='word_1_276' title='bbox 707 2066 737 2097; x_wconf 88' lang='lat'>9.</span> <span class='ocrx_word' id='word_1_277' title='bbox 762 2083 807 2088; x_wconf 97' lang='lat'><strong>—</strong></span> 
     </span>
     <span class='ocr_line' id='line_1_38' title="bbox 138 2108 806 2146; baseline 0.003 -7"><span class='ocrx_word' id='word_1_278' title='bbox 138 2109 215 2146; x_wconf 78' lang='lat' dir='ltr'>rite,</span> <span class='ocrx_word' id='word_1_279' title='bbox 241 2109 320 2139; x_wconf 87' lang='lat' dir='ltr'>nach</span> <span class='ocrx_word' id='word_1_280' title='bbox 343 2109 404 2139; x_wconf 86' lang='lat' dir='ltr'>den</span> <span class='ocrx_word' id='word_1_281' title='bbox 422 2108 651 2140; x_wconf 83' lang='lat' dir='ltr'>Vorsehriften</span> <span class='ocrx_word' id='word_1_282' title='bbox 675 2111 733 2141; x_wconf 88' lang='lat' dir='ltr'>des</span> <span class='ocrx_word' id='word_1_283' title='bbox 751 2109 806 2141; x_wconf 84' lang='lat' dir='ltr'>Ri-</span> 
     </span>
     <span class='ocr_line' id='line_1_39' title="bbox 140 2152 808 2185; baseline 0.004 -3"><span class='ocrx_word' id='word_1_284' title='bbox 140 2157 192 2183; x_wconf 85' lang='lat' dir='ltr'>tus</span> <span class='ocrx_word' id='word_1_285' title='bbox 206 2153 270 2183; x_wconf 92' lang='lat' dir='ltr'>und</span> <span class='ocrx_word' id='word_1_286' title='bbox 286 2153 344 2183; x_wconf 86' lang='lat' dir='ltr'>der</span> <span class='ocrx_word' id='word_1_287' title='bbox 353 2152 600 2185; x_wconf 68' lang='lat' dir='ltr'>VVissenschaft</span> <span class='ocrx_word' id='word_1_288' title='bbox 616 2155 675 2185; x_wconf 83' lang='lat' dir='ltr'>der</span> <span class='ocrx_word' id='word_1_289' title='bbox 688 2155 808 2185; x_wconf 87' lang='lat' dir='ltr'>Etrus-</span> 
     </span>
     <span class='ocr_line' id='line_1_40' title="bbox 138 2197 805 2237; baseline 0.003 -9"><span class='ocrx_word' id='word_1_290' title='bbox 138 2197 210 2237; x_wconf 89' lang='lat' dir='ltr'>ker,</span> <span class='ocrx_word' id='word_1_291' title='bbox 239 2207 266 2229; x_wconf 91' lang='lat' dir='ltr'>s.</span> <span class='ocrx_word' id='word_1_292' title='bbox 290 2207 317 2228; x_wconf 88' lang='lat' dir='ltr'>c.</span> <span class='ocrx_word' id='word_1_293' title='bbox 347 2197 446 2237; x_wconf 89' lang='lat'>17,1,</span> <span class='ocrx_word' id='word_1_294' title='bbox 476 2198 538 2228; x_wconf 85' lang='lat' dir='ltr'>wie</span> <span class='ocrx_word' id='word_1_295' title='bbox 567 2199 710 2229; x_wconf 89' lang='lat' dir='ltr'>nacbher</span> <span class='ocrx_word' id='word_1_296' title='bbox 738 2199 805 2231; x_wconf 87' lang='lat' dir='ltr'>sol-</span> 
     </span>
     <span class='ocr_line' id='line_1_41' title="bbox 138 2241 807 2281; baseline 0.003 -9"><span class='ocrx_word' id='word_1_297' title='bbox 138 2242 267 2281; x_wconf 77' lang='lat' dir='ltr'>lemnis,</span> <span class='ocrx_word' id='word_1_298' title='bbox 289 2241 316 2280; x_wconf 91' lang='lat' dir='ltr'>l,</span> <span class='ocrx_word' id='word_1_299' title='bbox 336 2241 365 2278; x_wconf 86' lang='lat'>8,</span> <span class='ocrx_word' id='word_1_300' title='bbox 388 2242 415 2272; x_wconf 91' lang='lat'>1.</span> <span class='ocrx_word' id='word_1_301' title='bbox 432 2259 475 2264; x_wconf 90' lang='lat'>—</span> <span class='ocrx_word' id='word_1_302' title='bbox 491 2242 582 2281; x_wconf 86' lang='lat' dir='ltr'>deos,</span> <span class='ocrx_word' id='word_1_303' title='bbox 601 2243 652 2274; x_wconf 86' lang='lat' dir='ltr'>die</span> <span class='ocrx_word' id='word_1_304' title='bbox 667 2243 807 2274; x_wconf 89' lang='lat' dir='ltr'>Schutz-</span> 
     </span>
     <span class='ocr_line' id='line_1_42' title="bbox 138 2286 806 2326; baseline 0.003 -9"><span class='ocrx_word' id='word_1_305' title='bbox 138 2288 251 2326; x_wconf 79' lang='lat' dir='ltr'>gb&#39;tter</span> <span class='ocrx_word' id='word_1_306' title='bbox 267 2286 326 2317; x_wconf 88' lang='lat' dir='ltr'>der</span> <span class='ocrx_word' id='word_1_307' title='bbox 343 2286 450 2325; x_wconf 75' lang='lat' dir='ltr'>stadt,</span> <span class='ocrx_word' id='word_1_308' title='bbox 476 2287 515 2318; x_wconf 91' lang='lat' dir='ltr'>da</span> <span class='ocrx_word' id='word_1_309' title='bbox 533 2287 622 2318; x_wconf 82' lang='lat' dir='ltr'>diese</span> <span class='ocrx_word' id='word_1_310' title='bbox 648 2292 719 2319; x_wconf 86' lang='lat' dir='ltr'>erst</span> <span class='ocrx_word' id='word_1_311' title='bbox 736 2289 806 2319; x_wconf 90' lang='lat' dir='ltr'>ein-</span> 
     </span>
     <span class='ocr_line' id='line_1_43' title="bbox 138 2331 804 2374; baseline 0.006 -13"><span class='ocrx_word' id='word_1_312' title='bbox 138 2341 329 2370; x_wconf 86' lang='lat' dir='ltr'>genommen</span> <span class='ocrx_word' id='word_1_313' title='bbox 348 2332 481 2362; x_wconf 85' lang='lat' dir='ltr'>werden</span> <span class='ocrx_word' id='word_1_314' title='bbox 500 2331 598 2373; x_wconf 86' lang='lat' dir='ltr'>kann,</span> <span class='ocrx_word' id='word_1_315' title='bbox 617 2342 710 2364; x_wconf 88' lang='lat' dir='ltr'>wenn</span> <span class='ocrx_word' id='word_1_316' title='bbox 725 2333 804 2374; x_wconf 87' lang='lat' dir='ltr'>jene</span> 
     </span>
     <span class='ocr_line' id='line_1_44' title="bbox 138 2374 804 2420; baseline 0.005 -13"><span class='ocrx_word' id='word_1_317' title='bbox 138 2376 186 2407; x_wconf 86' lang='lat' dir='ltr'>sie</span> <span class='ocrx_word' id='word_1_318' title='bbox 211 2374 413 2415; x_wconf 77' lang='lat' dir='ltr'>aufgegeben</span> <span class='ocrx_word' id='word_1_319' title='bbox 439 2376 552 2407; x_wconf 88' lang='lat' dir='ltr'>haben.</span> <span class='ocrx_word' id='word_1_320' title='bbox 582 2395 627 2400; x_wconf 85' lang='lat'>—</span> <span class='ocrx_word' id='word_1_321' title='bbox 654 2388 756 2420; x_wconf 81' lang='lat' dir='ltr'>super</span> <span class='ocrx_word' id='word_1_322' title='bbox 781 2381 804 2410; x_wconf 80' lang='lat' dir='ltr'>t.</span> 
     </span>
     <span class='ocr_line' id='line_1_45' title="bbox 139 2420 801 2462; baseline 0.005 -10"><span class='ocrx_word' id='word_1_323' title='bbox 139 2431 186 2460; x_wconf 85' lang='lat' dir='ltr'>re,</span> <span class='ocrx_word' id='word_1_324' title='bbox 204 2420 234 2462; x_wconf 88' lang='lat'>2,</span> <span class='ocrx_word' id='word_1_325' title='bbox 252 2421 282 2458; x_wconf 81' lang='lat'>4,</span> <span class='ocrx_word' id='word_1_326' title='bbox 303 2421 340 2458; x_wconf 81' lang='lat'>4;</span> <span class='ocrx_word' id='word_1_327' title='bbox 360 2421 390 2459; x_wconf 85' lang='lat'>4,</span> <span class='ocrx_word' id='word_1_328' title='bbox 410 2420 463 2461; x_wconf 82' lang='lat'>56,</span> <span class='ocrx_word' id='word_1_329' title='bbox 486 2421 535 2452; x_wconf 90' lang='lat'>10.</span> <span class='ocrx_word' id='word_1_330' title='bbox 561 2441 604 2444; x_wconf 94' lang='lat'><strong>—</strong></span> <span class='ocrx_word' id='word_1_331' title='bbox 627 2426 748 2461; x_wconf 78' lang='lat' dir='ltr'>sortes,</span> <span class='ocrx_word' id='word_1_332' title='bbox 774 2434 801 2455; x_wconf 89' lang='lat' dir='ltr'>c.</span> 
     </span>
     <span class='ocr_line' id='line_1_46' title="bbox 141 2464 803 2506; baseline 0.006 -11"><span class='ocrx_word' id='word_1_333' title='bbox 141 2464 192 2505; x_wconf 89' lang='lat'>16,</span> <span class='ocrx_word' id='word_1_334' title='bbox 211 2465 249 2502; x_wconf 79' lang='lat'>83</span> <span class='ocrx_word' id='word_1_335' title='bbox 275 2465 326 2495; x_wconf 87' lang='lat' dir='ltr'>die</span> <span class='ocrx_word' id='word_1_336' title='bbox 347 2466 575 2506; x_wconf 85' lang='lat' dir='ltr'>Bezeicbnung</span> <span class='ocrx_word' id='word_1_337' title='bbox 590 2467 633 2498; x_wconf 89' lang='lat' dir='ltr'>ist</span> <span class='ocrx_word' id='word_1_338' title='bbox 651 2468 721 2498; x_wconf 88' lang='lat' dir='ltr'>dem</span> <span class='ocrx_word' id='word_1_339' title='bbox 739 2469 803 2500; x_wconf 87' lang='lat' dir='ltr'>ita-</span> 
     </span>
     <span class='ocr_line' id='line_1_47' title="bbox 138 2509 800 2551; baseline 0.005 -10"><span class='ocrx_word' id='word_1_340' title='bbox 138 2510 261 2541; x_wconf 88' lang='lat' dir='ltr'>liscben</span> <span class='ocrx_word' id='word_1_341' title='bbox 282 2509 518 2542; x_wconf 82' lang='lat' dir='ltr'>Orakclwesen</span> <span class='ocrx_word' id='word_1_342' title='bbox 541 2512 700 2551; x_wconf 85' lang='lat' dir='ltr'>entlehnt,</span> <span class='ocrx_word' id='word_1_343' title='bbox 721 2523 746 2544; x_wconf 94' lang='lat' dir='ltr'>s.</span> <span class='ocrx_word' id='word_1_344' title='bbox 774 2514 800 2551; x_wconf 87' lang='lat'>1,</span> 
     </span>
     <span class='ocr_line' id='line_1_48' title="bbox 138 2554 802 2597; baseline 0.008 -12"><span class='ocrx_word' id='word_1_345' title='bbox 138 2554 191 2593; x_wconf 87' lang='grc'>56,</span> <span class='ocrx_word' id='word_1_346' title='bbox 217 2554 254 2591; x_wconf 85' lang='lat'>6;</span> <span class='ocrx_word' id='word_1_347' title='bbox 273 2554 326 2595; x_wconf 88' lang='lat'>21,</span> <span class='ocrx_word' id='word_1_348' title='bbox 346 2555 399 2596; x_wconf 82' lang='lat'>62,</span> <span class='ocrx_word' id='word_1_349' title='bbox 418 2556 454 2593; x_wconf 72' lang='lat'>5,</span> <span class='ocrx_word' id='word_1_350' title='bbox 480 2555 657 2588; x_wconf 87' lang='lat' dir='ltr'>Mommsen</span> <span class='ocrx_word' id='word_1_351' title='bbox 678 2557 706 2597; x_wconf 91' lang='lat' dir='ltr'>l,</span> <span class='ocrx_word' id='word_1_352' title='bbox 730 2557 802 2590; x_wconf 87' lang='lat'><strong>181.</strong></span> 
     </span>
    </p>
   </div>
   <div class='ocr_carea' id='block_1_10' title="bbox 185 2637 800 2688">
    <p class='ocr_par' dir='ltr' id='par_1_10' title="bbox 185 2637 800 2688">
     <span class='ocr_line' id='line_1_49' title="bbox 185 2637 800 2688; baseline 0.005 -13"><span class='ocrx_word' id='word_1_353' title='bbox 185 2637 351 2676; x_wconf 78' lang='grc'><strong>16-17.</strong></span> <span class='ocrx_word' id='word_1_354' title='bbox 395 2643 497 2687; x_wconf 78' lang='lat' dir='ltr'>Krieg</span> <span class='ocrx_word' id='word_1_355' title='bbox 526 2647 584 2678; x_wconf 85' lang='lat' dir='ltr'>mit</span> <span class='ocrx_word' id='word_1_356' title='bbox 613 2646 800 2688; x_wconf 85' lang='lat' dir='ltr'>Tarquinii;</span> 
     </span>
    </p>
   </div>
   <div class='ocr_carea' id='block_1_11' title="bbox 872 1573 1550 2690">
    <p class='ocr_par' dir='ltr' id='par_1_11' title="bbox 879 1573 1549 1650">
     <span class='ocr_line' id='line_1_50' title="bbox 880 1573 1549 1615; baseline 0.001 -11"><span class='ocrx_word' id='word_1_357' title='bbox 880 1574 939 1604; x_wconf 83' lang='lat' dir='ltr'>der</span> <span class='ocrx_word' id='word_1_358' title='bbox 957 1573 1221 1615; x_wconf 62' lang='lat' dir='ltr'>Orakelsprucm</span> <span class='ocrx_word' id='word_1_359' title='bbox 1252 1573 1549 1614; x_wconf 83' lang='lat' dir='ltr'>Versainmlungen</span> 
     </span>
     <span class='ocr_line' id='line_1_51' title="bbox 879 1618 1098 1650; baseline 0 -1"><span class='ocrx_word' id='word_1_360' title='bbox 879 1619 909 1649; x_wconf 93' lang='lat' dir='ltr'>in</span> <span class='ocrx_word' id='word_1_361' title='bbox 929 1618 1098 1650; x_wconf 86' lang='lat' dir='ltr'>Etrurien.</span> 
     </span>
    </p>

    <p class='ocr_par' dir='ltr' id='par_1_12' title="bbox 879 1662 1550 2017">
     <span class='ocr_line' id='line_1_52' title="bbox 928 1662 1549 1706; baseline 0.005 -13"><span class='ocrx_word' id='word_1_362' title='bbox 928 1666 956 1694; x_wconf 89' lang='lat' dir='ltr'>l.</span> <span class='ocrx_word' id='word_1_363' title='bbox 981 1663 1126 1706; x_wconf 76' lang='lat' dir='ltr'>piacula,</span> <span class='ocrx_word' id='word_1_364' title='bbox 1145 1673 1172 1694; x_wconf 92' lang='lat' dir='ltr'>c.</span> <span class='ocrx_word' id='word_1_365' title='bbox 1193 1663 1243 1701; x_wconf 87' lang='lat'>15,</span> <span class='ocrx_word' id='word_1_366' title='bbox 1266 1662 1294 1693; x_wconf 93' lang='lat'>1.</span> <span class='ocrx_word' id='word_1_367' title='bbox 1318 1680 1362 1685; x_wconf 92' lang='lat'><strong>—</strong></span> <span class='ocrx_word' id='word_1_368' title='bbox 1386 1663 1503 1703; x_wconf 77' lang='lat' dir='ltr'>lulius,</span> <span class='ocrx_word' id='word_1_369' title='bbox 1522 1674 1549 1696; x_wconf 87' lang='lat' dir='ltr'><strong>c.</strong></span> 
     </span>
     <span class='ocr_line' id='line_1_53' title="bbox 882 1706 1550 1748; baseline 0.003 -9"><span class='ocrx_word' id='word_1_370' title='bbox 882 1708 934 1748; x_wconf 86' lang='lat'>10,</span> <span class='ocrx_word' id='word_1_371' title='bbox 953 1709 1054 1739; x_wconf 82' lang='lat' dir='ltr'>daher</span> <span class='ocrx_word' id='word_1_372' title='bbox 1071 1709 1102 1739; x_wconf 94' lang='lat' dir='ltr'>in</span> <span class='ocrx_word' id='word_1_373' title='bbox 1117 1708 1146 1739; x_wconf 93' lang='lat' dir='ltr'>d.</span> <span class='ocrx_word' id='word_1_374' title='bbox 1162 1707 1285 1739; x_wconf 86' lang='lat' dir='ltr'>Fasten</span> <span class='ocrx_word' id='word_1_375' title='bbox 1304 1706 1340 1739; x_wconf 88' lang='grc' dir='ltr'>ΙΙ.</span> <span class='ocrx_word' id='word_1_376' title='bbox 1359 1726 1404 1730; x_wconf 93' lang='lat'>—</span> <span class='ocrx_word' id='word_1_377' title='bbox 1421 1708 1550 1741; x_wconf 64' lang='lat' dir='ltr'>Furius</span> 
     </span>
     <span class='ocr_line' id='line_1_54' title="bbox 879 1752 1544 1795; baseline 0.002 -11"><span class='ocrx_word' id='word_1_378' title='bbox 879 1752 927 1785; x_wconf 90' lang='grc' dir='ltr'>Μ.</span> <span class='ocrx_word' id='word_1_379' title='bbox 946 1764 988 1795; x_wconf 80' lang='lat' dir='ltr'>q.,</span> <span class='ocrx_word' id='word_1_380' title='bbox 1013 1752 1094 1784; x_wconf 88' lang='lat' dir='ltr'>eben</span> <span class='ocrx_word' id='word_1_381' title='bbox 1114 1763 1150 1783; x_wconf 93' lang='lat' dir='ltr'>so</span> <span class='ocrx_word' id='word_1_382' title='bbox 1175 1753 1255 1783; x_wconf 89' lang='lat' dir='ltr'>nach</span> <span class='ocrx_word' id='word_1_383' title='bbox 1274 1753 1334 1783; x_wconf 90' lang='lat' dir='ltr'>den</span> <span class='ocrx_word' id='word_1_384' title='bbox 1353 1752 1488 1793; x_wconf 85' lang='lat' dir='ltr'>Fasten,</span> <span class='ocrx_word' id='word_1_385' title='bbox 1518 1764 1544 1785; x_wconf 86' lang='lat' dir='ltr'>s.</span> 
     </span>
     <span class='ocr_line' id='line_1_55' title="bbox 881 1797 1550 1837; baseline 0.003 -9"><span class='ocrx_word' id='word_1_386' title='bbox 881 1809 908 1829; x_wconf 85' lang='lat' dir='ltr'>e.</span> <span class='ocrx_word' id='word_1_387' title='bbox 931 1798 982 1830; x_wconf 83' lang='lat'><strong>14.</strong></span> <span class='ocrx_word' id='word_1_388' title='bbox 1027 1797 1063 1829; x_wconf 90' lang='lat' dir='ltr'>L.</span> <span class='ocrx_word' id='word_1_389' title='bbox 1094 1797 1245 1829; x_wconf 84' lang='lat' dir='ltr'>bemerkt</span> <span class='ocrx_word' id='word_1_390' title='bbox 1272 1797 1377 1837; x_wconf 89' lang='lat' dir='ltr'>nicht,</span> <span class='ocrx_word' id='word_1_391' title='bbox 1407 1798 1483 1829; x_wconf 87' lang='lat' dir='ltr'>dass</span> <span class='ocrx_word' id='word_1_392' title='bbox 1512 1809 1550 1830; x_wconf 85' lang='lat' dir='ltr'>er</span> 
     </span>
     <span class='ocr_line' id='line_1_56' title="bbox 880 1842 1550 1874; baseline 0.001 -1"><span class='ocrx_word' id='word_1_393' title='bbox 880 1843 964 1873; x_wconf 85' lang='lat' dir='ltr'>zwei</span> <span class='ocrx_word' id='word_1_394' title='bbox 982 1842 1081 1874; x_wconf 85' lang='lat' dir='ltr'>Jabre</span> <span class='ocrx_word' id='word_1_395' title='bbox 1100 1843 1180 1874; x_wconf 84' lang='lat' dir='ltr'>nach</span> <span class='ocrx_word' id='word_1_396' title='bbox 1195 1843 1354 1873; x_wconf 84' lang='lat' dir='ltr'>einander</span> <span class='ocrx_word' id='word_1_397' title='bbox 1371 1842 1550 1874; x_wconf 83' lang='lat' dir='ltr'>Consular-</span> 
     </span>
     <span class='ocr_line' id='line_1_57' title="bbox 880 1887 1549 1927; baseline 0 -9"><span class='ocrx_word' id='word_1_398' title='bbox 880 1887 989 1919; x_wconf 86' lang='lat' dir='ltr'>tribun</span> <span class='ocrx_word' id='word_1_399' title='bbox 1008 1888 1062 1919; x_wconf 88' lang='lat' dir='ltr'>ist.</span> <span class='ocrx_word' id='word_1_400' title='bbox 1092 1905 1136 1910; x_wconf 70' lang='lat'>—</span> <span class='ocrx_word' id='word_1_401' title='bbox 1167 1887 1352 1927; x_wconf 77' lang='lat' dir='ltr'>Cornelius,</span> <span class='ocrx_word' id='word_1_402' title='bbox 1383 1888 1462 1919; x_wconf 84' lang='lat' dir='ltr'>nach</span> <span class='ocrx_word' id='word_1_403' title='bbox 1487 1888 1549 1918; x_wconf 91' lang='lat' dir='ltr'>den</span> 
     </span>
     <span class='ocr_line' id='line_1_58' title="bbox 879 1930 1550 1971; baseline 0.001 -8"><span class='ocrx_word' id='word_1_404' title='bbox 879 1932 1004 1964; x_wconf 87' lang='lat' dir='ltr'>Fasten</span> <span class='ocrx_word' id='word_1_405' title='bbox 1023 1933 1074 1963; x_wconf 90' lang='lat' dir='ltr'>ein</span> <span class='ocrx_word' id='word_1_406' title='bbox 1093 1933 1235 1963; x_wconf 88' lang='lat' dir='ltr'>anderer</span> <span class='ocrx_word' id='word_1_407' title='bbox 1251 1931 1300 1962; x_wconf 82' lang='lat' dir='ltr'>als</span> <span class='ocrx_word' id='word_1_408' title='bbox 1318 1932 1349 1971; x_wconf 88' lang='lat'>4,</span> <span class='ocrx_word' id='word_1_409' title='bbox 1368 1930 1421 1964; x_wconf 87' lang='lat'><strong>61.</strong></span> <span class='ocrx_word' id='word_1_410' title='bbox 1452 1932 1550 1964; x_wconf 83' lang='lat' dir='ltr'>Man-</span> 
     </span>
     <span class='ocr_line' id='line_1_59' title="bbox 879 1975 1517 2017; baseline 0 -9"><span class='ocrx_word' id='word_1_411' title='bbox 879 1978 956 2017; x_wconf 82' lang='lat' dir='ltr'>lius,</span> <span class='ocrx_word' id='word_1_412' title='bbox 975 1987 1011 2007; x_wconf 83' lang='lat' dir='ltr'>er</span> <span class='ocrx_word' id='word_1_413' title='bbox 1028 1977 1073 2007; x_wconf 87' lang='lat' dir='ltr'>ist</span> <span class='ocrx_word' id='word_1_414' title='bbox 1091 1986 1126 2007; x_wconf 91' lang='lat' dir='ltr'>es</span> <span class='ocrx_word' id='word_1_415' title='bbox 1146 1978 1293 2015; x_wconf 80' lang='lat' dir='ltr'>tertium,</span> <span class='ocrx_word' id='word_1_416' title='bbox 1312 1975 1342 2016; x_wconf 87' lang='lat'>4,</span> <span class='ocrx_word' id='word_1_417' title='bbox 1362 1975 1421 2015; x_wconf 78' lang='lat'>613</span> <span class='ocrx_word' id='word_1_418' title='bbox 1441 1976 1471 2017; x_wconf 85' lang='lat'>5,</span> <span class='ocrx_word' id='word_1_419' title='bbox 1487 1976 1517 2008; x_wconf 80' lang='lat'>8.</span> 
     </span>
    </p>

    <p class='ocr_par' dir='ltr' id='par_1_13' title="bbox 872 2020 1548 2690">
     <span class='ocr_line' id='line_1_60' title="bbox 924 2020 1548 2062; baseline 0.005 -11"><span class='ocrx_word' id='word_1_420' title='bbox 924 2020 942 2051; x_wconf 87' lang='lat'>2</span> <span class='ocrx_word' id='word_1_421' title='bbox 960 2040 982 2043; x_wconf 97' lang='lat'><strong>—</strong></span> <span class='ocrx_word' id='word_1_422' title='bbox 996 2020 1025 2052; x_wconf 89' lang='lat'>3.</span> <span class='ocrx_word' id='word_1_423' title='bbox 1064 2020 1331 2062; x_wconf 75' lang='lat' dir='ltr'>Tarquinienses,</span> <span class='ocrx_word' id='word_1_424' title='bbox 1354 2020 1381 2059; x_wconf 91' lang='lat' dir='ltr'>l,</span> <span class='ocrx_word' id='word_1_425' title='bbox 1396 2020 1456 2060; x_wconf 76' lang='lat'>343</span> <span class='ocrx_word' id='word_1_426' title='bbox 1474 2021 1505 2060; x_wconf 87' lang='lat'>2,</span> <span class='ocrx_word' id='word_1_427' title='bbox 1517 2021 1548 2054; x_wconf 91' lang='lat'>6.</span> 
     </span>
     <span class='ocr_line' id='line_1_61' title="bbox 879 2064 1547 2107; baseline 0.003 -11"><span class='ocrx_word' id='word_1_428' title='bbox 879 2084 922 2088; x_wconf 82' lang='lat'>-——</span> <span class='ocrx_word' id='word_1_429' title='bbox 938 2067 1156 2107; x_wconf 76' lang='lat' dir='ltr'>Aequorum,</span> <span class='ocrx_word' id='word_1_430' title='bbox 1180 2066 1244 2096; x_wconf 87' lang='lat' dir='ltr'>seit</span> <span class='ocrx_word' id='word_1_431' title='bbox 1268 2065 1298 2104; x_wconf 88' lang='lat'>4,</span> <span class='ocrx_word' id='word_1_432' title='bbox 1319 2064 1359 2095; x_wconf 82' lang='grc'>56</span> <span class='ocrx_word' id='word_1_433' title='bbox 1385 2066 1476 2097; x_wconf 88' lang='lat' dir='ltr'>nicht</span> <span class='ocrx_word' id='word_1_434' title='bbox 1493 2076 1547 2098; x_wconf 86' lang='lat' dir='ltr'>er-</span> 
     </span>
     <span class='ocr_line' id='line_1_62' title="bbox 879 2109 1548 2149; baseline 0.006 -9"><span class='ocrx_word' id='word_1_435' title='bbox 879 2110 1002 2141; x_wconf 79' lang='lat' dir='ltr'>w‘ahnt.</span> <span class='ocrx_word' id='word_1_436' title='bbox 1019 2128 1064 2132; x_wconf 93' lang='lat'>—</span> <span class='ocrx_word' id='word_1_437' title='bbox 1077 2109 1227 2149; x_wconf 81' lang='lat' dir='ltr'>Labe&#39;eos,</span> <span class='ocrx_word' id='word_1_438' title='bbox 1246 2110 1275 2149; x_wconf 86' lang='lat'>4,</span> <span class='ocrx_word' id='word_1_439' title='bbox 1289 2110 1342 2142; x_wconf 89' lang='lat'>47.</span> <span class='ocrx_word' id='word_1_440' title='bbox 1361 2128 1404 2133; x_wconf 93' lang='lat'>—</span> <span class='ocrx_word' id='word_1_441' title='bbox 1422 2111 1548 2143; x_wconf 76' lang='lat' dir='ltr'>Veien-</span> 
     </span>
     <span class='ocr_line' id='line_1_63' title="bbox 881 2154 1547 2196; baseline 0.003 -10"><span class='ocrx_word' id='word_1_442' title='bbox 881 2156 970 2196; x_wconf 68' lang='lat' dir='ltr'>tique</span> <span class='ocrx_word' id='word_1_443' title='bbox 993 2157 1025 2186; x_wconf 75' lang='lat' dir='ltr'>el</span> <span class='ocrx_word' id='word_1_444' title='bbox 1042 2154 1093 2193; x_wconf 67' lang='lat' dir='ltr'>F„</span> <span class='ocrx_word' id='word_1_445' title='bbox 1123 2155 1174 2186; x_wconf 84' lang='lat' dir='ltr'>die</span> <span class='ocrx_word' id='word_1_446' title='bbox 1200 2155 1415 2195; x_wconf 85' lang='lat' dir='ltr'>Verbindung</span> <span class='ocrx_word' id='word_1_447' title='bbox 1443 2157 1547 2188; x_wconf 85' lang='lat' dir='ltr'>durch</span> 
     </span>
     <span class='ocr_line' id='line_1_64' title="bbox 879 2200 1547 2241; baseline 0.004 -11"><span class='ocrx_word' id='word_1_448' title='bbox 879 2211 941 2241; x_wconf 79' lang='lat' dir='ltr'>que</span> <span class='ocrx_word' id='word_1_449' title='bbox 957 2202 989 2231; x_wconf 74' lang='grc' dir='ltr'>εἰ</span> <span class='ocrx_word' id='word_1_450' title='bbox 1006 2200 1108 2231; x_wconf 88' lang='lat' dir='ltr'>findet</span> <span class='ocrx_word' id='word_1_451' title='bbox 1126 2200 1194 2231; x_wconf 88' lang='lat' dir='ltr'>sich</span> <span class='ocrx_word' id='word_1_452' title='bbox 1213 2200 1332 2241; x_wconf 88' lang='lat' dir='ltr'>selten,</span> <span class='ocrx_word' id='word_1_453' title='bbox 1351 2210 1446 2232; x_wconf 90' lang='lat' dir='ltr'>wenn</span> <span class='ocrx_word' id='word_1_454' title='bbox 1464 2202 1547 2233; x_wconf 88' lang='lat' dir='ltr'>noch</span> 
     </span>
     <span class='ocr_line' id='line_1_65' title="bbox 878 2243 1545 2287; baseline 0.003 -12"><span class='ocrx_word' id='word_1_455' title='bbox 878 2245 930 2275; x_wconf 92' lang='lat' dir='ltr'>ein</span> <span class='ocrx_word' id='word_1_456' title='bbox 955 2245 1076 2276; x_wconf 81' lang='lat' dir='ltr'>drittes</span> <span class='ocrx_word' id='word_1_457' title='bbox 1095 2244 1189 2276; x_wconf 89' lang='lat' dir='ltr'>Glied</span> <span class='ocrx_word' id='word_1_458' title='bbox 1213 2243 1306 2285; x_wconf 80' lang='lat' dir='ltr'>folgt,</span> <span class='ocrx_word' id='word_1_459' title='bbox 1337 2244 1418 2276; x_wconf 90' lang='lat' dir='ltr'>Sall.</span> <span class='ocrx_word' id='word_1_460' title='bbox 1443 2245 1465 2277; x_wconf 91' lang='lat' dir='ltr'>I.</span> <span class='ocrx_word' id='word_1_461' title='bbox 1491 2245 1545 2287; x_wconf 86' lang='lat'>76,</span> 
     </span>
     <span class='ocr_line' id='line_1_66' title="bbox 878 2288 1546 2332; baseline 0.006 -13"><span class='ocrx_word' id='word_1_462' title='bbox 878 2288 912 2320; x_wconf 89' lang='lat'>6:</span> <span class='ocrx_word' id='word_1_463' title='bbox 942 2292 1014 2320; x_wconf 75' lang='lat' dir='ltr'>rino</span> <span class='ocrx_word' id='word_1_464' title='bbox 1045 2292 1177 2322; x_wconf 78' lang='lat' dir='ltr'>onerati</span> <span class='ocrx_word' id='word_1_465' title='bbox 1201 2290 1321 2332; x_wconf 74' lang='lat' dir='ltr'>illaque</span> <span class='ocrx_word' id='word_1_466' title='bbox 1349 2293 1384 2322; x_wconf 81' lang='lat' dir='ltr'>et</span> <span class='ocrx_word' id='word_1_467' title='bbox 1407 2290 1546 2323; x_wconf 85' lang='lat' dir='ltr'>domum</span> 
     </span>
     <span class='ocr_line' id='line_1_67' title="bbox 879 2335 1543 2378; baseline 0.003 -13"><span class='ocrx_word' id='word_1_468' title='bbox 879 2336 912 2365; x_wconf 79' lang='lat' dir='ltr'>et</span> <span class='ocrx_word' id='word_1_469' title='bbox 943 2337 1050 2366; x_wconf 80' lang='lat' dir='ltr'>semet</span> <span class='ocrx_word' id='word_1_470' title='bbox 1079 2337 1154 2376; x_wconf 69' lang='lat' dir='ltr'>igni</span> <span class='ocrx_word' id='word_1_471' title='bbox 1183 2338 1424 2378; x_wconf 80' lang='lat' dir='ltr'>eorrumpunt3</span> <span class='ocrx_word' id='word_1_472' title='bbox 1464 2335 1543 2368; x_wconf 85' lang='lat' dir='ltr'>Tae.</span> 
     </span>
     <span class='ocr_line' id='line_1_68' title="bbox 877 2379 1547 2420; baseline 0.006 -11"><span class='ocrx_word' id='word_1_473' title='bbox 877 2379 961 2410; x_wconf 90' lang='lat' dir='ltr'>Anu.</span> <span class='ocrx_word' id='word_1_474' title='bbox 980 2380 1010 2417; x_wconf 80' lang='lat'>4,</span> <span class='ocrx_word' id='word_1_475' title='bbox 1031 2379 1062 2420; x_wconf 88' lang='lat'>3,</span> <span class='ocrx_word' id='word_1_476' title='bbox 1091 2380 1236 2412; x_wconf 85' lang='lat' dir='ltr'>wesbalb</span> <span class='ocrx_word' id='word_1_477' title='bbox 1255 2380 1385 2411; x_wconf 87' lang='lat' dir='ltr'>Andere</span> <span class='ocrx_word' id='word_1_478' title='bbox 1409 2380 1547 2413; x_wconf 84' lang='lat' dir='ltr'>Veienti</span> 
     </span>
     <span class='ocr_line' id='line_1_69' title="bbox 877 2425 1545 2466; baseline 0.003 -11"><span class='ocrx_word' id='word_1_479' title='bbox 877 2434 1004 2466; x_wconf 82' lang='lat' dir='ltr'>quoque</span> <span class='ocrx_word' id='word_1_480' title='bbox 1020 2425 1124 2456; x_wconf 89' lang='lat' dir='ltr'>lesen.</span> <span class='ocrx_word' id='word_1_481' title='bbox 1142 2444 1184 2448; x_wconf 70' lang='lat'><em>-</em></span> <span class='ocrx_word' id='word_1_482' title='bbox 1211 2426 1461 2466; x_wconf 76' lang='lat' dir='ltr'>certaminibus,</span> <span class='ocrx_word' id='word_1_483' title='bbox 1491 2425 1545 2457; x_wconf 87' lang='lat' dir='ltr'>bei</span> 
     </span>
     <span class='ocr_line' id='line_1_70' title="bbox 876 2469 1543 2511; baseline 0.003 -11"><span class='ocrx_word' id='word_1_484' title='bbox 876 2469 936 2500; x_wconf 89' lang='lat' dir='ltr'>den</span> <span class='ocrx_word' id='word_1_485' title='bbox 956 2470 1037 2501; x_wconf 88' lang='lat' dir='ltr'>oder</span> <span class='ocrx_word' id='word_1_486' title='bbox 1051 2470 1081 2501; x_wconf 92' lang='lat' dir='ltr'>in</span> <span class='ocrx_word' id='word_1_487' title='bbox 1097 2469 1200 2511; x_wconf 81' lang='lat' dir='ltr'>Folge</span> <span class='ocrx_word' id='word_1_488' title='bbox 1216 2471 1274 2502; x_wconf 87' lang='lat' dir='ltr'>der</span> <span class='ocrx_word' id='word_1_489' title='bbox 1288 2470 1543 2510; x_wconf 84' lang='lat' dir='ltr'>Streitigkeiten</span> 
     </span>
     <span class='ocr_line' id='line_1_71' title="bbox 875 2514 1545 2555; baseline 0.004 -11"><span class='ocrx_word' id='word_1_490' title='bbox 875 2514 965 2546; x_wconf 85' lang='lat' dir='ltr'>viell.</span> <span class='ocrx_word' id='word_1_491' title='bbox 990 2525 1104 2555; x_wconf 86' lang='lat' dir='ltr'>wegen</span> <span class='ocrx_word' id='word_1_492' title='bbox 1130 2516 1189 2546; x_wconf 85' lang='lat' dir='ltr'>der</span> <span class='ocrx_word' id='word_1_493' title='bbox 1213 2515 1456 2555; x_wconf 68' lang='lat' dir='ltr'>Verdri‘ingung</span> <span class='ocrx_word' id='word_1_494' title='bbox 1485 2516 1545 2547; x_wconf 86' lang='lat' dir='ltr'>der</span> 
     </span>
     <span class='ocr_line' id='line_1_72' title="bbox 875 2558 1543 2601; baseline 0.001 -11"><span class='ocrx_word' id='word_1_495' title='bbox 875 2558 1031 2600; x_wconf 85' lang='lat' dir='ltr'>Plebejer</span> <span class='ocrx_word' id='word_1_496' title='bbox 1054 2570 1129 2591; x_wconf 91' lang='lat' dir='ltr'>vom</span> <span class='ocrx_word' id='word_1_497' title='bbox 1153 2560 1495 2601; x_wconf 81' lang='lat' dir='ltr'>Consulartribunate,</span> <span class='ocrx_word' id='word_1_498' title='bbox 1514 2571 1543 2592; x_wconf 86' lang='lat' dir='ltr'>c.</span> 
     </span>
     <span class='ocr_line' id='line_1_73' title="bbox 877 2603 1545 2650; baseline 0.006 -17"><span class='ocrx_word' id='word_1_499' title='bbox 877 2603 928 2643; x_wconf 85' lang='lat'>17,</span> <span class='ocrx_word' id='word_1_500' title='bbox 947 2605 976 2635; x_wconf 90' lang='lat'>5.</span> <span class='ocrx_word' id='word_1_501' title='bbox 991 2622 1035 2627; x_wconf 86' lang='lat'><em>-</em></span> <span class='ocrx_word' id='word_1_502' title='bbox 1052 2606 1179 2637; x_wconf 74' lang='lat' dir='ltr'>cohart.</span> <span class='ocrx_word' id='word_1_503' title='bbox 1200 2617 1290 2650; x_wconf 66' lang='lat' dir='ltr'>emp„</span> <span class='ocrx_word' id='word_1_504' title='bbox 1309 2605 1427 2637; x_wconf 84' lang='lat' dir='ltr'>leichte</span> <span class='ocrx_word' id='word_1_505' title='bbox 1437 2605 1545 2647; x_wconf 86' lang='lat' dir='ltr'>Trup-</span> 
     </span>
     <span class='ocr_line' id='line_1_74' title="bbox 872 2649 1118 2690; baseline 0.008 -11"><span class='ocrx_word' id='word_1_506' title='bbox 872 2658 944 2689; x_wconf 85' lang='lat' dir='ltr'>pen,</span> <span class='ocrx_word' id='word_1_507' title='bbox 965 2649 996 2690; x_wconf 86' lang='lat'>2,</span> <span class='ocrx_word' id='word_1_508' title='bbox 1018 2649 1068 2690; x_wconf 85' lang='lat'>11,</span> <span class='ocrx_word' id='word_1_509' title='bbox 1088 2650 1118 2681; x_wconf 81' lang='lat'>8.</span> 
     </span>
    </p>
   </div>
   <div class='ocr_carea' id='block_1_12' title="bbox 1609 0 1698 2864">
    <p class='ocr_par' dir='ltr' id='par_1_14' title="bbox 1609 0 1698 2864">
     <span class='ocr_line' id='line_1_75' title="bbox 1609 0 1698 2864; baseline 0 0"><span class='ocrx_word' id='word_1_510' title='bbox 1609 0 1698 2864; x_wconf 95' lang='lat' dir='ltr'> </span> 
     </span>
    </p>
   </div>
  </div>
 </body>
</html>
