1698 2864
76 225 102 242 a.
123 217 175 242 Ch.
195 217 259 243 426.
527 204 654 238 LIBER
678 204 734 239 IV.
783 205 875 238 CAP.
902 206 956 238 33.
982 207 1037 240 34.

73 313 222 360 tegrato
245 308 410 348 clamore
430 306 546 346 infert
565 307 691 346 acrius
713 307 835 358 signa.
876 319 964 346 cum
986 309 1083 348 duae
1105 310 1206 349 acies
1229 310 1304 350 duo
1328 311 1476 351 diversa

75 365 222 416 proelia
249 365 532 403 circumventos
553 363 741 402 Etruscos
771 368 808 402 et
834 376 854 402 a
880 363 1009 403 fronte
1031 370 1068 403 et
1088 366 1134 404 ab
1155 372 1263 417 tergo
1287 373 1479 418 urgerent,

75 433 202 472 neque
227 421 266 459 in
294 424 418 460 castra
444 424 548 458 retro
573 431 700 470 neque
721 420 761 458 in
783 424 937 458 montes
959 444 1014 448 —
1035 421 1124 459 inde
1145 435 1186 460 se
1207 435 1332 462 novus
1354 424 1478 463 hostis

75 477 265 516 obiecerat
283 499 338 504 ——
359 477 430 515 iter
444 476 558 526 fugae
575 481 690 523 esset,
712 480 750 514 et
765 476 935 527 equitem
951 477 1100 527 passim
1115 478 1244 517 liberiS
1261 479 1379 518 frenis
1397 481 1482 519 dis-

73 533 253 571 tulissent
289 532 397 583 equi‚
426 532 640 571 Veientium
679 534 845 571 maxima
871 545 962 583 pars
993 533 1165 572 Tiberim
1194 536 1305 574 effusi
1334 542 1480 586 petunt,

71 588 316 628 Fidenatium
338 589 402 639 qui
424 594 637 639 supersunt
657 589 703 628 ad
724 588 859 627 urbem
876 589 1042 628 Fidenas
1064 590 1239 629 tendunt.
1273 591 1391 630 infert
1410 605 1465 642 pa-

73 644 184 683 vidos
212 645 304 696 fuga
332 644 372 684 in
399 645 567 684 mediam
598 646 774 693 caedem,
806 645 1088 685 obtruncantur
1115 647 1156 685 in
1180 647 1295 697 ripis,
1323 647 1417 686 alios
1440 649 1480 686 in

74 713 211 752 aquam
241 701 453 752 conpulsos
480 702 648 752 gurgites
669 701 817 748 ferunt3
847 702 959 740 etiam
982 703 1130 754 peritos
1152 703 1270 741 nandi
1291 704 1478 743 lassitudo

74 762 112 796 et
131 758 287 796 vulnera
309 762 346 796 et
366 770 487 809 pavor
509 758 731 809 degravant3
759 759 872 809 pauci
894 772 938 797 ex
959 759 1090 797 multis
1111 764 1276 798 tranant.
1318 760 1478 799 alterum

72 825 210 863 agmen
229 814 352 853 fertur
371 826 439 865 per
462 819 584 853 castra
606 814 645 852 in
666 814 814 853 urbem.
851 815 982 853 eadem
1005 820 1042 854 et
1056 815 1256 854 Romanos
1272 822 1480 867 sequentes

72 870 241 921 impetus
263 871 375 921 rapit,
398 870 620 917 Quinctium
643 871 809 909 maxime
831 876 868 909 et
888 884 975 910 cum
998 884 1042 910 eo
1067 872 1272 922 degressos
1294 873 1413 911 modo
1432 873 1479 911 de

71 926 284 972 montibus,
300 927 610 966 recentissimum
628 927 675 966 ad
691 927 862 966 laborem
880 927 1054 974 militem,
1077 928 1163 978 quia
1180 929 1315 967 ultimo
1329 929 1478 979 proelio

71 982 286 1021 advenerat.
323 984 351 1021 li
373 988 580 1033 postquam
603 983 710 1022 mixti
732 983 909 1022 hostibus
931 989 1086 1034 portam
1110 985 1311 1031 intravere,
1334 986 1373 1023 in
1390 998 1479 1024 mu-

70 1050 137 1076 ros
158 1039 336 1087 evadunt,
360 1038 520 1088 suisque
542 1039 643 1090 capti
666 1039 799 1090 oppidi
821 1039 974 1090 signum
992 1053 1037 1078 ex
1054 1052 1168 1078 muro
1186 1041 1335 1079 tollunt.
1374 1042 1479 1090 quod

70 1093 137 1133 ubi
165 1094 329 1133 dictator
355 1094 559 1145 conspexit
582 1118 639 1122 --
666 1095 741 1133 iam
773 1096 876 1133 enim
905 1100 942 1134 et
969 1096 1052 1146 ipse
1074 1096 1112 1134 iu
1135 1096 1284 1135 deserta
1306 1097 1478 1136 hostium

71 1155 194 1189 castra
210 1155 476 1202 penetraverat
495 1174 562 1198 ——,
587 1151 804 1202 cupientem
823 1151 982 1190 militem
1001 1152 1217 1191 discurrere
1234 1153 1279 1192 ad
1298 1153 1479 1203 praedam

72 1219 141 1257 spe
161 1206 298 1246 iniecta
319 1207 478 1246 maioris
495 1208 534 1246 in
550 1207 645 1246 urbe
663 1208 826 1258 praedae
843 1208 889 1246 ad
908 1213 1062 1259 portam
1081 1209 1200 1257 ducit,
1221 1215 1481 1260 receptusque

71 1263 170 1302 intra
189 1275 323 1302 muros
345 1263 385 1301 in
402 1275 542 1309 arcem,
565 1276 641 1314 quo
660 1276 772 1302 ruere
788 1263 1017 1313 fugientium
1033 1265 1185 1304 turham
1204 1265 1366 1313 videbat,
1387 1279 1477 1317 per—

71 1319 136 1369 git.
178 1331 248 1358 nec
277 1321 407 1358 minor
437 1320 571 1359 caedes
599 1320 637 1358 in
658 1320 754 1359 urhe
776 1333 889 1371 quam
912 1321 951 1359 in
973 1321 1121 1371 proelio
1143 1321 1233 1368 fuit,
1264 1322 1389 1361 donec
1409 1322 1475 1361 ab-

69 1375 176 1415 iectis
199 1376 316 1414 armis
338 1376 432 1414 nihil
453 1381 604 1427 praeter
623 1376 739 1415 vitam
761 1381 935 1427 petentes
954 1377 1129 1416 dictatori
1152 1378 1356 1417 deduntur.
1384 1379 1477 1417 urbs

71 1436 192 1470 castra
231 1432 476 1483 diripiuntur.
524 1437 683 1483 postero
713 1432 789 1480 die,
828 1433 991 1484 singulis
1022 1434 1179 1484 captivis
1210 1434 1255 1472 ab
1285 1434 1409 1486 equite
1436 1448 1478 1474 ac

71 1488 297 1527 centurione
327 1493 432 1527 sorte
460 1489 585 1527 ductis
608 1494 663 1535 et,
695 1501 860 1540 quorum
889 1489 1027 1528 eximia
1049 1490 1170 1529 virtus
1190 1490 1334 1538 fuerat,
1365 1491 1478 1537 binis,

70 1544 151 1583 aliis
184 1544 255 1583 sub
286 1557 430 1584 corona
455 1546 706 1592 venundatis,
735 1546 942 1585 exercitum
965 1546 1149 1585 victorem
1172 1547 1477 1598 opulentumque

69 1679 239 1720 —z‘rgsert
259 1690 304 1720 s.,
332 1680 383 1711 die
410 1679 462 1710 bei
492 1680 564 1711 dem
589 1679 736 1720 Angriffe

70 1729 335 1764 vorangetragen
353 1725 500 1756 werden.

118 1768 157 1799 10
171 1788 193 1791 -
207 1769 257 1800 12.
290 1781 396 1810 neque
412 1771 446 1801 in
463 1780 509 1809 c.,
538 1769 615 1800 weil
634 1768 738 1810 Quin-

70 1813 155 1845 ctius
180 1825 245 1845 von
270 1815 329 1846 der
346 1815 437 1846 Seite
462 1814 653 1854 kommend,
684 1815 735 1846 die

68 1858 195 1890 Feinde
213 1870 277 1891 von
296 1861 367 1891 dem
382 1859 502 1900 Lager,
522 1861 579 1891 das
598 1870 659 1891 vor
676 1860 736 1892 der

69 1904 166 1935 Stadt
206 1915 294 1945 war,
336 1905 557 1936 abschneiden
598 1910 735 1936 musste.

70 1948 181 1980 Wenn
205 1960 240 1981 es
265 1951 306 1981 im
330 1949 425 1990 Folg.
450 1950 571 1981 heisst:
599 1960 662 1993 per
679 1961 737 1982 ca-

70 1996 145 2026 stra
173 1995 209 2026 in
236 1997 328 2036 urb„
359 2005 395 2026 so
426 1995 470 2026 ist
498 1996 736 2035 anzunehmen,

70 2039 147 2070 dass
166 2040 214 2071 sie
233 2040 300 2071 sich
314 2065 322 2079 ,
345 2041 502 2071 wiihrend
526 2041 585 2072 der
602 2042 736 2080 grosste

70 2083 165 2114 Tbeil
195 2085 252 2116 des
277 2087 360 2116 reim.
384 2085 509 2117 Heeres
538 2095 588 2116 am
614 2085 735 2117 Flusse

71 2127 207 2170 kiimpst,
223 2130 545 2170 durchschlagen.—
559 2130 734 2173 Ie'berz'ssr.

71 2187 91 2199 =
108 2183 184 2205 cum
201 2174 297 2206 liberi
312 2176 545 2217 essentsreni.
580 2175 639 2207 Die
657 2176 737 2208 Fol-

70 2228 110 2258 ge
125 2219 186 2259 ist,
199 2220 275 2250 dass
291 2220 339 2250 sie
359 2220 426 2251 sich
441 2225 635 2252 zerstreuen
652 2221 737 2262 (dis-

71 2264 249 2305 tulissent)
290 2266 355 2296 und
395 2265 457 2296 den
490 2265 637 2296 Feinden
677 2267 737 2297 mit

71 2309 259 2341 Ausnalnne
293 2311 386 2341 einer
411 2310 503 2341 Seite
536 2311 588 2341 die
618 2310 738 2342 Flucht

71 2354 303 2386 ubschneiden.
318 2373 362 2378 —
380 2357 495 2396 effusi,
514 2356 654 2397 synesis,
674 2356 736 2387 wie

71 2400 101 2441 5,
120 2399 174 2439 40,
192 2400 223 2431 3.
240 2418 285 2422 -
301 2400 455 2432 Fidenat.
475 2402 546 2442 qm',
570 2400 601 2440 5,
620 2401 681 2441 41,
697 2400 735 2439 2;

71 2455 111 2476 zu
130 2443 190 2486 21,
207 2444 265 2484 26,
285 2445 314 2476 7.
333 2463 377 2468 —
395 2445 497 2486 alios,
523 2456 548 2476 s.
569 2445 605 2487 3,
627 2445 686 2485 37,
705 2446 734 2477 8.

72 2490 253 2531 —ferunt
267 2505 289 2516 =
306 2491 483 2532 auserunt.
501 2510 544 2513 —
559 2490 689 2531 eadem,
709 2501 736 2522 c.

72 2533 125 2571 37,
144 2535 174 2574 9,
195 2546 237 2566 zu
259 2536 287 2574 1,
306 2535 358 2576 27,
381 2536 416 2566 5:
436 2546 475 2567 aa
491 2554 513 2557 —
529 2546 604 2577 qua.

116 2572 186 2612 34.
223 2579 310 2611 1—3.
339 2582 444 2613 mixti
459 2585 540 2623 etc.,
558 2581 621 2612 wie
640 2585 739 2612 unter

71 2622 228 2656 Romulus
250 2625 277 2667 1,
297 2625 348 2668 14,
370 2626 421 2657 11.
435 2627 527 2658 —in
544 2636 671 2667 muro-9,
690 2626 738 2658 sie

139 2679 198 2706 Tit.
212 2679 272 2708 Liv.
287 2680 323 2707 11.
343 2679 369 2708 3.
383 2680 459 2710 Auss.

809 1681 977 1721 ersteigen
996 1681 1144 1712 dieselbe
1162 1692 1224 1712 von
1244 1682 1353 1723 innen,
1373 1683 1403 1723 5,
1424 1682 1477 1722 21,

812 1725 864 1757 12.
881 1743 926 1748 —-
942 1726 1129 1765 deduntur,
1161 1727 1261 1758 durch
1281 1728 1333 1758 die
1349 1728 1477 1759 Erobe-

809 1781 895 1811 rung
924 1771 996 1802 sind
1025 1772 1078 1802 die
1108 1772 1227 1811 Sieger
1256 1772 1362 1803 Herrn
1396 1773 1479 1804 iiber

810 1815 920 1847 Leben
939 1817 1004 1847 und
1019 1816 1090 1847 Tod
1107 1817 1166 1847 der
1181 1817 1476 1849 Uebcrwundenen

810 1860 991 1903 (ve'capti),
1017 1872 1042 1892 S.
1064 1862 1091 1903 5,
1119 1861 1179 1902 21,
1209 1862 1266 1900 143
1294 1863 1336 1894 ib.
1357 1862 1415 1904 22,
1442 1862 1477 1898 1;

810 1907 872 1937 den
892 1906 1162 1938 Unbewaffneten
1182 1908 1264 1938 wird
1281 1908 1400 1948 jedoch
1419 1918 1478 1948 ge—

811 1956 930 1982 stattet
948 1951 1018 1982 sich
1045 1962 1085 1982 zu
1103 1952 1266 1992 ergeben,
1289 1953 1354 1983 und
1373 1963 1410 1984 so
1429 1953 1478 1983 ih-

811 2006 873 2027 nen
891 1997 948 2027 das
959 1996 1069 2027 Leben
1084 1997 1277 2038 geschenkt‚
1292 1998 1360 2037 vgl.
1376 1997 1405 2039 2,
1427 1997 1478 2035 17,

812 2041 850 2079 ὃς
870 2052 911 2072 zu
930 2041 989 2081 26,
1008 2040 1070 2081 46,
1092 2042 1149 2080 10,
1171 2043 1200 2080 7,
1219 2042 1272 2079 27,
1293 2042 1328 2081 8,
1351 2042 1403 2081 30,
1427 2042 1477 2081 12,

813 2086 863 2117 12.
880 2104 925 2108 —
941 2088 1024 2118 urbs
1042 2090 1167 2125 eastra,
1186 2087 1240 2125 21,
1260 2086 1314 2127 28,
1333 2087 1364 2118 2.

855 2131 886 2162 4.
920 2132 961 2163 ab
976 2133 1084 2173 equite
1101 2143 1130 2163 a.
1157 2142 1204 2171 c.,
1225 2132 1319 2163 beide
1339 2132 1477 2164 Classen

809 2177 942 2208 werden
977 2177 1240 2217 gleichgestellt,
1275 2188 1300 2209 s.
1333 2177 1390 2218 10,
1424 2177 1478 2215 46,

810 2221 924 2264 sp‘dter
954 2222 998 2253 ist
1026 2222 1084 2254 das
1104 2221 1316 2254 Verbaltniss
1346 2223 1478 2261 anders,

811 2278 838 2298 s.
858 2266 911 2306 33,
931 2266 992 2306 23;
1013 2266 1066 2306 34,
1085 2267 1139 2299 52.
1172 2267 1306 2298 Sowohl
1324 2268 1375 2298 die
1394 2267 1479 2298 Ver-

811 2312 960 2352 theilung
978 2313 1038 2343 der
1055 2311 1285 2352 Gefungenen,
1312 2313 1365 2343 die
1383 2317 1478 2343 sonst

811 2357 876 2388 alle
901 2355 954 2388 fiir
977 2358 1038 2388 den
1063 2358 1293 2389 Staatsschatz
1322 2356 1478 2388 verkauft

810 2403 960 2442 werden,
987 2402 1025 2441 6,
1052 2402 1113 2442 133
1141 2403 1169 2443 7,
1195 2402 1235 2432 27
1260 2413 1290 2432 u.
1311 2412 1337 2433 s.
1356 2411 1409 2441 w.,
1427 2402 1477 2433 als

811 2447 869 2478 das
894 2447 1080 2479 Verloosen
1113 2447 1288 2478 derselben
1321 2447 1366 2478 ist
1393 2457 1477 2486 ganz

811 2493 1072 2532 ungewb'hnlich.
1101 2510 1145 2515 —
1174 2493 1235 2523 sub
1269 2502 1409 2531 corona,
1449 2502 1474 2522 s.

813 2536 899 2569 Gell.
918 2538 936 2568 6
957 2538 1016 2577 (7),
1034 2538 1073 2577 4,
1092 2537 1128 2567 3:
1145 2538 1333 2578 antiquitus
1351 2539 1477 2568 manci-

809 2584 867 2626 pia
891 2584 964 2614 iure
987 2582 1064 2614 belle?
1084 2585 1182 2625 capta
1205 2583 1339 2613 coronis
1361 2581 1480 2614 indata

811 2629 978 2668 venibant,
997 2629 1030 2658 et
1045 2626 1169 2659 idcirco
1191 2627 1386 2659 dicebantur
1405 2628 1478 2660 ‘sub

1171 2682 1213 2715 14

1399 211 1481 250 209
1518 254 1521 257 ,

1514 319 1553 352 10

1513 601 1548 632 11

1512 826 1551 857 12
