1698 2864
76 205 169 232 a.0h.
184 206 246 231 397.
578 196 705 228 LIBER
729 195 771 229 V.
820 195 914 229 CAP.
935 197 985 229 17.

77 310 120 337 ea
148 297 201 337 ita
227 296 325 336 facta
355 301 447 335 sunt
475 309 520 334 ex
547 302 704 336 senatus
728 296 919 336 consulto.
959 297 1174 349 Interreges
1195 303 1275 337 tres
1298 299 1478 351 deinceps

75 355 192 401 fuere,
212 354 254 392 L.
276 353 447 391 Valerius
466 352 512 399 Q.
531 352 713 392 Servilius
730 353 894 392 Fidenas
911 353 959 392 M.
976 354 1115 393 Furius
1133 355 1325 394 Camillus.
1356 368 1478 403 ¹num-

77 422 191 461 quam
218 409 384 448 desitum
414 409 568 447 interim
595 409 744 448 turbari
770 409 925 448 comitia
953 409 1285 461 interpellantibus
1313 412 1479 452 tribunis

73 465 216 517 plebis,
238 465 361 504 donec
381 465 626 504 convenisset
646 466 768 517 prius,
793 470 834 504 ut
854 465 980 504 maior
999 478 1090 517 pars
1112 467 1357 506 tribunorum
1377 469 1478 508 mili-

72 526 156 561 tum
178 534 223 560 ex
243 521 352 572 plebe
372 526 576 560 crearetur.
602 545 653 549 —
676 523 782 569 Quae
802 521 895 560 dum
918 526 1099 572 aguntur,
1124 524 1283 562 eoncilia
1304 524 1479 564 Etruriae

75 577 121 617 ad
150 578 283 617 fanum
312 577 539 625 Voltumnae
566 577 714 625 habita,
752 578 1120 629 postulantibusque
1149 578 1407 629 Capenatibus
1436 594 1479 620 ac

72 633 253 682 Faliscis,
283 640 325 673 ut
346 634 458 673 Veios
489 635 688 673 communi
715 634 845 673 animo
875 635 1117 686 consilioque
1146 647 1282 673 omnes
1305 636 1479 675 Etruriae

71 690 206 741 populi
227 703 272 729 ex
294 690 499 729 obsidione
520 691 726 742 eriperent,
747 703 985 743 responsum
1007 696 1065 730 est
1084 696 1193 731 antea
1215 704 1256 730 se
1276 691 1313 730 id
1335 693 1478 731 Veien-

70 746 173 785 tibus
195 758 369 797 negasse,
394 746 493 797 quia‚
515 748 617 786 unde
639 747 843 786 consilium
866 759 945 786 non
963 748 1154 799 petissent
1170 760 1288 799 super
1302 752 1406 788 tanta
1423 762 1476 794 re,

73 802 254 841 auxilium
284 807 412 854 petere
433 815 514 841 non
537 803 738 842 deberent:
766 815 871 842 nunc
891 804 965 843 iam
986 816 1058 855 pro
1081 816 1122 842 se
1142 804 1343 843 fortunam
1366 818 1477 844 suam

72 858 145 897 illis
180 870 331 909 negare.
380 859 548 898 maxime
582 859 622 898 in
654 872 695 898 ea
723 864 831 911 parte
858 860 1032 899 Etruriae
1062 865 1216 910 gentem
1244 860 1476 900 invisitatam

71 926 197 954 novos
225 915 374 954 accolas
405 915 533 955 Gallos
563 929 666 963 esse,
695 929 782 955 cum
811 916 950 967 quibus
979 928 1051 955 nec
1078 929 1153 967 pax
1180 916 1273 955 satis
1305 917 1379 956 fida
1406 930 1478 956 nec

70 970 212 1010 bellum
233 984 304 1022 pro
327 976 432 1010 certo
457 972 518 1010 sit.
556 972 731 1022 sanguini
752 976 882 1011 tamen
903 972 1130 1022 nominique
1153 978 1189 1011 et
1209 973 1476 1023 praesentibus

70 1027 251 1078 periculis
273 1028 654 1078 consanguineorum
675 1028 712 1066 id
735 1028 828 1072 dari,
851 1034 904 1074 ut,
928 1028 960 1067 si
983 1028 1047 1078 qui
1068 1028 1276 1067 iuventutis
1298 1041 1390 1068 suae
1405 1042 1475 1067 vo—

67 1083 213 1122 luntate
229 1083 277 1122 ad
294 1083 331 1122 id
347 1083 488 1122 bellum
506 1088 605 1130 eant,
623 1095 704 1122 non
721 1083 932 1135 inpediant.
969 1096 1056 1123 eum
1074 1096 1258 1135 magnum
1276 1085 1477 1124 advenisse

69 1272 234 1295 renovare
249 1263 417 1304 auspicia,
441 1272 468 1293 s.
486 1272 514 1292 c.
540 1261 598 1302 52,
623 1262 660 1302 93
685 1261 737 1303 31,

70 1307 102 1347 7,
120 1307 151 1338 in
166 1307 431 1338 anderemSinne
447 1307 529 1338 wird
548 1307 605 1338 das
625 1307 736 1338 blosse

70 1355 222 1395 repetere
238 1352 431 1392 gebraucht,
449 1361 475 1382 S.
492 1351 522 1391 8,
541 1352 594 1391 30,
613 1351 644 1383 2.
676 1352 736 1383 Die

68 1398 149 1429 vitio
173 1397 362 1436 gewa'hlten
382 1396 579 1436 Magistrate
603 1396 735 1428 ko'nnen

68 1442 120 1473 die
140 1441 241 1473 wahl
264 1442 323 1473 der
339 1440 542 1482 Nachfolger
567 1442 656 1473 nicht
672 1442 735 1473 lei-

68 1491 136 1528 teu,
154 1497 180 1518 s.
200 1486 328 1518 Becker
344 1486 376 1525 2,
393 1486 422 1527 1,
440 1485 516 1518 308.

113 1531 190 1562 4-8.
214 1534 271 1573 ita,
285 1532 349 1563 wie
364 1531 446 1563 eben
463 1532 665 1571 angedeutet
681 1532 736 1572 ist,

69 1577 152 1608 ohne
169 1579 219 1608 ut.
236 1595 280 1599 —
297 1576 455 1618 desitum,
475 1576 528 1616 34,
546 1576 599 1616 41,
619 1578 656 1613 ὃς
681 1576 735 1617 42,

67 1621 122 1659 49,
141 1621 172 1661 7,
189 1622 256 1662 vgl.
271 1622 302 1660 4,
320 1621 375 1661 35,
393 1622 423 1653 9.
438 1639 483 1644 —
499 1624 611 1654 comit.
628 1623 735 1654 inter-

66 1666 142 1710 pell.
160 1667 204 1698 ist
221 1677 263 1698 zu
281 1667 480 1706 verbinden,
505 1677 530 1698 s.
549 1667 585 1706 4,
609 1667 669 1709 43,
695 1666 734 1705 83

69 1712 133 1751 55,
161 1711 198 1750 43
229 1711 503 1743 wabrseheinlich
534 1712 656 1743 sollten
683 1713 734 1744 die

68 1755 225 1797 Plebejer
238 1767 300 1788 von
317 1758 375 1788 der
386 1756 487 1788 Wahl
500 1757 735 1797 ausgeschlos-

69 1798 128 1833 se'n
154 1802 298 1833 werden.
316 1820 362 1825 —
385 1802 487 1834 donec
511 1812 622 1842 coma,
651 1802 737 1833 viel—

67 1846 171 1878 leicht
197 1857 274 1886 nur,
303 1847 379 1878 dass
405 1848 485 1878 auch
511 1845 565 1878 fiir
582 1847 737 1888 Plebejer

69 1891 226 1923 Stimmen
250 1902 487 1932 angenommen
513 1892 647 1923 werden
666 1893 736 1923 sol—

68 1936 134 1975 len3
151 1937 201 1968 die
210 1938 368 1977 grb'ssere
377 1936 461 1968 Zahl
476 1937 651 1968 derselben
666 1947 737 1969 war

70 1982 172 2013 sehon
195 1983 275 2013 nach
305 1982 341 2024 4,
371 1982 390 2012 6
413 1982 567 2022 mo‘glicb.
585 2000 629 2005 —
647 1982 736 2014 unde

71 2031 148 2066 etc„
168 2037 196 2058 c.
217 2026 246 2058 1.
265 2044 301 2049 —
323 2037 412 2059 nunc
428 2029 510 2067 iam,
523 2026 612 2068 jetzt
631 2028 679 2058 sei
698 2038 734 2059 es

71 2081 107 2103 so
121 2072 199 2102 weit
213 2071 415 2113 gekommen,
431 2073 525 2111 dass,
544 2083 607 2103 nun
623 2082 733 2113 sogar,

70 2127 98 2148 c.
116 2116 152 2156 2,
180 2116 230 2147 10.
250 2135 291 2139 ——
308 2127 372 2159 pro
389 2128 443 2157 se,
468 2127 509 2148 an
527 2118 617 2148 ihrer
634 2118 734 2159 Statt,

71 2172 98 2193 s.
118 2161 170 2202 10,
190 2161 239 2203 11,
258 2161 288 2199 2,
312 2162 354 2192 im
373 2161 582 2201 Gegensatze
601 2173 642 2194 zu
660 2174 697 2194 se
712 2182 734 2185 —

69 2217 226 2249 negasse.
262 2206 330 2237 Zur
353 2206 458 2237 Sache
493 2217 519 2238 s.
549 2207 586 2247 4,
620 2207 673 2239 24.
690 2226 735 2231 —

70 2254 230 2290 maoeime,
244 2252 377 2292 gerade,
393 2252 469 2283 weil
482 2252 532 2282 die
545 2251 670 2283 Gallier
684 2253 734 2284 bis

67 2296 155 2338 jetzt
181 2307 243 2328 nur
261 2297 291 2328 in
311 2297 368 2328 das
388 2297 558 2328 nordliche
575 2296 734 2329 Etrurien

70 2342 330 2382 eingedrungen,
346 2342 405 2373 den
421 2342 736 2374 siidlicherenstaa-

70 2391 142 2426 ten,
172 2387 313 2428 Falerii,
341 2386 486 2428 Capena,
517 2387 568 2418 die
595 2398 635 2418 zu
659 2387 736 2428 Veji

71 2432 193 2473 halteu,
206 2433 288 2463 noch
299 2432 489 2463 unbekannt
502 2433 585 2471 sind,
602 2432 734 2465 s.Nieb.

71 2476 109 2509 R.
129 2476 168 2509 G.
188 2477 218 2517 2,
238 2477 320 2516 6343
339 2478 406 2517 vgl.
427 2477 480 2518 28,
502 2477 551 2518 17,
576 2478 611 2508 5:
629 2479 662 2509 in
681 2488 734 2509 re—

67 2523 206 2564 gionem
229 2522 410 2565 Hispaniae
435 2525 603 2562 maz-ime,
633 2533 698 2565 qua
714 2542 735 2546 -

71 2569 243 2610 spectant,
268 2567 321 2608 36,
341 2568 394 2607 25,
412 2568 442 2599 3.
461 2586 506 2590 —
524 2569 556 2600 in
575 2578 614 2599 ea
630 2578 663 2611 p.
681 2567 734 2600 Et.

71 2612 315 2654 durchsanum
334 2613 541 2645 Voltumnae
558 2613 736 2655 bestimmt,

811 1263 868 1294 das
887 1262 1057 1294 nb'rdliche
1076 1262 1245 1301 Etrurien,
1263 1263 1331 1302 vgl.
1350 1263 1402 1304 32,
1422 1263 1476 1304 37,

811 1307 846 1339 2:
878 1311 1050 1339 terrarum
1074 1309 1148 1339 etus
1172 1309 1322 1349 regionis
1351 1310 1474 1348 situm3

810 1352 869 1392 39,
887 1352 950 1393 46,
970 1352 1008 1391 63
1027 1351 1086 1390 42,
1106 1351 1141 1394 3,
1162 1352 1195 1383 6:
1214 1354 1364 1394 regionis
1381 1355 1472 1393 eius3

809 1397 860 1438 38,
880 1397 934 1436 47,
953 1397 982 1428 9.
1018 1397 1065 1428 Da
1083 1398 1136 1428 die
1155 1396 1283 1428 Gallier
1300 1397 1425 1429 bereits
1444 1399 1474 1430 in

809 1443 866 1473 das
890 1441 1005 1473 friiher
1029 1452 1092 1473 von
1116 1443 1178 1473 den
1201 1442 1390 1474 Etruskern
1416 1444 1475 1475 be-

809 1492 918 1519 setzte
949 1486 1070 1519 Gebiet
1102 1488 1356 1528 vorgedrungen
1391 1490 1475 1528 sind,

808 1543 844 1564 so
875 1532 1005 1563 kb'nnen
1028 1533 1075 1563 sie
1099 1533 1231 1564 accolae
1253 1534 1288 1564 in
1311 1544 1350 1564 ea
1375 1536 1475 1576 parte

808 1577 882 1609 Etr.
916 1582 1062 1617 genannt
1094 1578 1245 1617 werden,
1284 1578 1476 1610 Auwohner

808 1623 916 1663 derer,
933 1632 974 1653 an
993 1623 1093 1653 deren
1106 1621 1224 1654 Gebiet
1237 1623 1285 1654 sie
1303 1623 1371 1654 sich
1389 1622 1472 1655 fest-

808 1672 941 1708 gesetzt
958 1668 1079 1706 haben,
1097 1668 1162 1708 vgl.
1184 1667 1242 1707 10,
1264 1668 1320 1707 10,
1341 1668 1397 1699 11:
1416 1679 1474 1700 ae-

808 1712 898 1744 colas
926 1713 992 1744 sibe·
1017 1714 1156 1754 quisque
1186 1712 1374 1754 adiungere
1406 1717 1473 1745 tam

808 1760 975 1799 efferatae
994 1760 1108 1799 gentis
1133 1759 1285 1789 homines
1303 1759 1472 1797 horrebat,

808 1813 859 1834 wo
885 1813 920 1834 es
944 1804 1069 1834 vorher
1087 1803 1205 1834 heisst:
1230 1805 1269 1834 ut
1290 1805 1324 1834 in
1340 1807 1471 1846 partem

808 1849 1128 1890 ag1·iacetpiantur3
1152 1847 1220 1887 vgl.
1239 1847 1281 1878 ib.
1304 1847 1359 1889 16,
1384 1848 1421 1888 63
1442 1848 1473 1889 2,

809 1893 847 1932 93
878 1892 938 1933 37,
968 1892 1029 1932 46,
1063 1893 1118 1924 1οε
1149 1892 1258 1924 taedio
1281 1893 1474 1925 accolarum

811 1937 996 1976 Gallorum3
1019 1937 1054 1975 1,
1074 1939 1110 1977 7,
1129 1938 1164 1968 5:
1183 1937 1296 1969 accola
1312 1940 1384 1970 eius
1400 1938 1474 1971 loct.

808 1983 942 2023 Madvig
965 1993 1086 2023 verm.,
1116 1983 1193 2014 dass
1217 1983 1268 2013 ein
1286 1982 1474 2015 Infinitivus

807 2037 869 2059 vor
885 2030 1037 2060 maxime
1054 2026 1261 2067 ausgefallen
1282 2028 1363 2059 oder
1381 2029 1474 2060 darin

806 2073 995 2104 verdorben
1030 2075 1088 2105 sei.
1112 2092 1154 2096 —
1179 2074 1319 2113 invisit„
1352 2084 1380 2105 c.
1410 2073 1472 2111 353

807 2118 867 2157 373
887 2118 941 2157 27,
965 2117 1022 2159 39,
1047 2119 1077 2150 8.
1096 2137 1138 2141 —
1154 2129 1217 2161 pro
1235 2121 1327 2150 certo
1346 2129 1397 2150 um
1415 2119 1472 2149 ab·

807 2164 1019 2195 zuwechseln
1038 2179 1060 2189 =
1077 2166 1187 2202 certa3
1213 2162 1247 2206 S,
1271 2163 1331 2204 36,
1350 2164 1386 2195 3:
1410 2174 1471 2207 pro

806 2208 899 2241 haud
913 2208 1025 2249 dubio,
1044 2209 1110 2248 vgl.
1130 2207 1232 2250 praef.
1253 2208 1284 2239 3.

853 2254 901 2285 9—
913 2254 963 2285 10.
998 2255 1162 2296 sanguini
1175 2272 1198 2276 —
1214 2253 1298 2291 dari,
1317 2252 1348 2291 3,
1366 2253 1420 2292 46,
1441 2253 1471 2284 3.

806 2317 843 2321 -
863 2310 938 2331 eum
955 2309 1060 2339 num.,
1078 2299 1150 2330 eine
1168 2298 1474 2329 bekannteAttrac-

807 2345 887 2386 tion,
905 2345 968 2375 wie
984 2355 1028 2376 em
1046 2355 1082 2375 eo
1100 2353 1252 2382 numero,
1271 2344 1305 2373 in
1324 2353 1361 2374 eo
1377 2353 1469 2375 unm.

806 2408 850 2412 ——
865 2400 978 2432 eoque,
997 2390 1048 2420 die
1063 2389 1201 2419 {iussere
1211 2387 1471 2427 Veranlassung,

808 2435 934 2466 welche
954 2435 1004 2466 die
1023 2434 1147 2465 Furcht
1171 2431 1380 2472 hervorrust,
1410 2433 1471 2463 den

807 2480 965 2511 niichsten
986 2479 1099 2511 Grund
1116 2478 1174 2508 des
1191 2479 1383 2515 mz'teseem
1415 2478 1472 2508 das

808 2524 1156 2556 Zusammenkommen
1194 2532 1256 2553 von
1297 2523 1470 2553 melireren

807 2570 983 2602 Ablativen
1002 2570 1046 2600 ist
1071 2568 1161 2599 nicht
1184 2567 1308 2606 selten,
1328 2577 1353 2598 s.
1373 2578 1400 2598 c.
1418 2567 1471 2605 27,

808 2614 845 2654 33
865 2615 979 2655 4‚45,
1002 2613 1037 2644 1:
1057 2613 1092 2652 7,
1115 2612 1226 2653 17,3:
1247 2611 1284 2650 83
1305 2611 1363 2650 31,
1387 2612 1470 2653 1,6.

1398 199 1479 238 295

1509 305 1530 337 4

1508 371 1528 392 ο

1508 530 1527 562 6

1508 755 1526 785 7

1507 866 1526 898 8

1506 979 1525 1010 9

1509 1090 1548 1121 10
