<?xml version="1.0" encoding="UTF-8"?>
<!DOCTYPE html PUBLIC "-//W3C//DTD XHTML 1.0 Transitional//EN"
    "http://www.w3.org/TR/xhtml1/DTD/xhtml1-transitional.dtd">
<html xmlns="http://www.w3.org/1999/xhtml" xml:lang="en" lang="en">
 <head>
  <title>
</title>
<meta http-equiv="Content-Type" content="text/html;charset=utf-8" />
  <meta name='ocr-system' content='tesseract 3.04.00' />
  <meta name='ocr-capabilities' content='ocr_page ocr_carea ocr_par ocr_line ocrx_word'/>
</head>
<body>
  <div class='ocr_page' id='page_1' title='image "./aburbeconditalib0102livyuoft_0795.png"; bbox 0 0 1698 2864; ppageno 0'>
   <div class='ocr_carea' id='block_1_1' title="bbox 0 0 31 101">
    <p class='ocr_par' dir='ltr' id='par_1_1' title="bbox 0 0 31 101">
     <span class='ocr_line' id='line_1_1' title="bbox 0 0 31 77; baseline 0 0"><span class='ocrx_word' id='word_1_1' title='bbox 0 0 31 77; x_wconf 50' lang='lat' dir='ltr'><strong>g?</strong></span> 
     </span>
     <span class='ocr_line' id='line_1_2' title="bbox 0 69 21 83; baseline 0.048 -1"><span class='ocrx_word' id='word_1_2' title='bbox 0 69 7 82; x_wconf 67' lang='grc' dir='ltr'><strong>λ</strong></span> <span class='ocrx_word' id='word_1_3' title='bbox 18 80 21 83; x_wconf 62' lang='grc'><strong>,</strong></span> 
     </span>
     <span class='ocr_line' id='line_1_3' title="bbox 0 87 13 101; baseline 0 -6"><span class='ocrx_word' id='word_1_4' title='bbox 0 87 13 101; x_wconf 32' lang='grc'><strong>1</strong></span> 
     </span>
    </p>
   </div>
   <div class='ocr_carea' id='block_1_2' title="bbox 96 167 988 216">
    <p class='ocr_par' dir='ltr' id='par_1_2' title="bbox 96 167 988 216">
     <span class='ocr_line' id='line_1_4' title="bbox 96 167 988 216; baseline -0.003 -11"><span class='ocrx_word' id='word_1_5' title='bbox 96 188 122 216; x_wconf 62' lang='lat'><strong>32.</strong></span> <span class='ocrx_word' id='word_1_6' title='bbox 137 179 191 206; x_wconf 79' lang='lat' dir='ltr'><strong>oh.</strong></span> <span class='ocrx_word' id='word_1_7' title='bbox 212 178 274 204; x_wconf 85' lang='lat'><strong>403.</strong></span> <span class='ocrx_word' id='word_1_8' title='bbox 602 167 731 200; x_wconf 85' lang='lat' dir='ltr'>LIBER</span> <span class='ocrx_word' id='word_1_9' title='bbox 754 168 795 201; x_wconf 91' lang='lat' dir='ltr'><strong>V.</strong></span> <span class='ocrx_word' id='word_1_10' title='bbox 846 168 938 201; x_wconf 74' lang='lat' dir='ltr'><strong>CAP.</strong></span> <span class='ocrx_word' id='word_1_11' title='bbox 956 169 988 202; x_wconf 87' lang='lat'><strong>2.</strong></span> 
     </span>
    </p>
   </div>
   <div class='ocr_carea' id='block_1_3' title="bbox 1413 159 1527 210">
    <p class='ocr_par' dir='ltr' id='par_1_3' title="bbox 1413 159 1527 210">
     <span class='ocr_line' id='line_1_5' title="bbox 1413 159 1527 210; baseline 0 -1"><span class='ocrx_word' id='word_1_12' title='bbox 1413 171 1494 210; x_wconf 82' lang='lat'><strong>263</strong></span> <span class='ocrx_word' id='word_1_13' title='bbox 1524 159 1527 162; x_wconf 75' lang='grc'><strong><em>’</em></strong></span> 
     </span>
    </p>
   </div>
   <div class='ocr_carea' id='block_1_4' title="bbox 89 270 1544 1336">
    <p class='ocr_par' dir='ltr' id='par_1_4' title="bbox 89 270 1544 1336">
     <span class='ocr_line' id='line_1_6' title="bbox 92 270 1496 323; baseline -0.001 -12"><span class='ocrx_word' id='word_1_14' title='bbox 92 271 248 312; x_wconf 89' lang='lat' dir='ltr'><strong>bellum.</strong></span> <span class='ocrx_word' id='word_1_15' title='bbox 290 270 394 323; x_wconf 87' lang='lat' dir='ltr'><strong>quod</strong></span> <span class='ocrx_word' id='word_1_16' title='bbox 422 275 629 321; x_wconf 77' lang='lat' dir='ltr'>postquam</span> <span class='ocrx_word' id='word_1_17' title='bbox 651 270 815 310; x_wconf 85' lang='lat' dir='ltr'><strong>tribunis</strong></span> <span class='ocrx_word' id='word_1_18' title='bbox 836 270 961 321; x_wconf 91' lang='lat' dir='ltr'><strong>plebis</strong></span> <span class='ocrx_word' id='word_1_19' title='bbox 983 271 1058 309; x_wconf 85' lang='lat' dir='ltr'><strong>iam</strong></span> <span class='ocrx_word' id='word_1_20' title='bbox 1081 271 1145 310; x_wconf 90' lang='lat' dir='ltr'><strong>diu</strong></span> <span class='ocrx_word' id='word_1_21' title='bbox 1166 271 1308 311; x_wconf 83' lang='lat' dir='ltr'><strong>nullam</strong></span> <span class='ocrx_word' id='word_1_22' title='bbox 1329 272 1496 311; x_wconf 81' lang='lat' dir='ltr'><strong>novandi</strong></span> 
     </span>
     <span class='ocr_line' id='line_1_7' title="bbox 92 326 1498 379; baseline 0 -12"><span class='ocrx_word' id='word_1_23' title='bbox 92 340 154 367; x_wconf 86' lang='lat' dir='ltr'><strong>res</strong></span> <span class='ocrx_word' id='word_1_24' title='bbox 177 340 330 367; x_wconf 80' lang='lat' dir='ltr'><strong>causam</strong></span> <span class='ocrx_word' id='word_1_25' title='bbox 348 327 629 366; x_wconf 88' lang='lat' dir='ltr'><strong>invenientibus</strong></span> <span class='ocrx_word' id='word_1_26' title='bbox 646 327 810 366; x_wconf 78' lang='lat' dir='ltr'><strong>Romam</strong></span> <span class='ocrx_word' id='word_1_27' title='bbox 828 332 888 365; x_wconf 90' lang='lat' dir='ltr'><strong>est</strong></span> <span class='ocrx_word' id='word_1_28' title='bbox 904 326 1084 372; x_wconf 75' lang='lat' dir='ltr'><strong>adlatum,</strong></span> <span class='ocrx_word' id='word_1_29' title='bbox 1106 328 1143 366; x_wconf 94' lang='lat' dir='ltr'><strong>in</strong></span> <span class='ocrx_word' id='word_1_30' title='bbox 1163 329 1384 367; x_wconf 81' lang='lat' dir='ltr'><strong>contionem</strong></span> <span class='ocrx_word' id='word_1_31' title='bbox 1402 341 1498 379; x_wconf 88' lang='lat' dir='ltr'><strong>pro—</strong></span> 
     </span>
     <span class='ocr_line' id='line_1_8' title="bbox 93 382 1496 435; baseline 0 -12"><span class='ocrx_word' id='word_1_32' title='bbox 93 385 242 431; x_wconf 86' lang='lat' dir='ltr'><strong>siliunt,</strong></span> <span class='ocrx_word' id='word_1_33' title='bbox 263 383 469 422; x_wconf 81' lang='lat' dir='ltr'><strong>sollicitant</strong></span> <span class='ocrx_word' id='word_1_34' title='bbox 488 383 610 434; x_wconf 87' lang='lat' dir='ltr'><strong>plebis</strong></span> <span class='ocrx_word' id='word_1_35' title='bbox 632 384 798 431; x_wconf 79' lang='lat' dir='ltr'><strong>animos,</strong></span> <span class='ocrx_word' id='word_1_36' title='bbox 821 383 896 422; x_wconf 90' lang='lat' dir='ltr'><strong>hoc</strong></span> <span class='ocrx_word' id='word_1_37' title='bbox 916 382 1008 421; x_wconf 91' lang='lat' dir='ltr'><strong>illud</strong></span> <span class='ocrx_word' id='word_1_38' title='bbox 1032 396 1118 422; x_wconf 88' lang='lat' dir='ltr'><strong>esse</strong></span> <span class='ocrx_word' id='word_1_39' title='bbox 1141 385 1370 432; x_wconf 76' lang='lat' dir='ltr'>dictitantes,</span> <span class='ocrx_word' id='word_1_40' title='bbox 1393 385 1496 435; x_wconf 89' lang='lat' dir='ltr'><strong>quod</strong></span> 
     </span>
     <span class='ocr_line' id='line_1_9' title="bbox 92 439 1498 487; baseline -0.001 -7"><span class='ocrx_word' id='word_1_41' title='bbox 92 453 177 480; x_wconf 79' lang='lat' dir='ltr'><strong>aera</strong></span> <span class='ocrx_word' id='word_1_42' title='bbox 211 440 394 479; x_wconf 84' lang='lat' dir='ltr'><strong>militibus</strong></span> <span class='ocrx_word' id='word_1_43' title='bbox 429 439 506 478; x_wconf 89' lang='lat' dir='ltr'><strong>sint</strong></span> <span class='ocrx_word' id='word_1_44' title='bbox 536 440 764 487; x_wconf 79' lang='lat' dir='ltr'><strong>constituta;</strong></span> <span class='ocrx_word' id='word_1_45' title='bbox 804 452 875 478; x_wconf 89' lang='lat' dir='ltr'><strong>nec</strong></span> <span class='ocrx_word' id='word_1_46' title='bbox 902 451 944 478; x_wconf 87' lang='lat' dir='ltr'><strong>se</strong></span> <span class='ocrx_word' id='word_1_47' title='bbox 971 439 1153 478; x_wconf 81' lang='lat' dir='ltr'><strong>fefellisse</strong></span> <span class='ocrx_word' id='word_1_48' title='bbox 1180 441 1216 478; x_wconf 85' lang='lat' dir='ltr'><strong>id</strong></span> <span class='ocrx_word' id='word_1_49' title='bbox 1245 441 1391 480; x_wconf 87' lang='lat' dir='ltr'><strong>donum</strong></span> <span class='ocrx_word' id='word_1_50' title='bbox 1420 441 1498 479; x_wconf 90' lang='lat' dir='ltr'><strong>ini—</strong></span> 
     </span>
     <span class='ocr_line' id='line_1_10' title="bbox 91 495 1496 546; baseline -0.001 -10"><span class='ocrx_word' id='word_1_51' title='bbox 91 497 283 536; x_wconf 88' lang='lat' dir='ltr'><strong>micorum</strong></span> <span class='ocrx_word' id='word_1_52' title='bbox 305 508 452 534; x_wconf 88' lang='lat' dir='ltr'><strong>veneno</strong></span> <span class='ocrx_word' id='word_1_53' title='bbox 476 495 626 535; x_wconf 88' lang='lat' dir='ltr'><strong>inlitum</strong></span> <span class='ocrx_word' id='word_1_54' title='bbox 647 497 743 535; x_wconf 89' lang='lat' dir='ltr'><strong>fore.</strong></span> <span class='ocrx_word' id='word_1_55' title='bbox 786 496 937 534; x_wconf 91' lang='lat' dir='ltr'><strong>venisse</strong></span> <span class='ocrx_word' id='word_1_56' title='bbox 957 495 1170 534; x_wconf 77' lang='lat' dir='ltr'><strong>libertatem</strong></span> <span class='ocrx_word' id='word_1_57' title='bbox 1193 497 1336 546; x_wconf 79' lang='lat' dir='ltr'><strong>plebis3</strong></span> <span class='ocrx_word' id='word_1_58' title='bbox 1365 510 1496 536; x_wconf 88' lang='lat' dir='ltr'><strong>remo-</strong></span> 
     </span>
     <span class='ocr_line' id='line_1_11' title="bbox 91 551 1497 603; baseline 0 -11"><span class='ocrx_word' id='word_1_59' title='bbox 91 558 170 592; x_wconf 85' lang='lat' dir='ltr'><strong>tam</strong></span> <span class='ocrx_word' id='word_1_60' title='bbox 197 554 237 592; x_wconf 90' lang='lat' dir='ltr'><strong>in</strong></span> <span class='ocrx_word' id='word_1_61' title='bbox 265 557 494 603; x_wconf 86' lang='lat' dir='ltr'><strong>perpetuum</strong></span> <span class='ocrx_word' id='word_1_62' title='bbox 523 558 559 591; x_wconf 89' lang='lat' dir='ltr'><strong>et</strong></span> <span class='ocrx_word' id='word_1_63' title='bbox 587 553 797 602; x_wconf 82' lang='lat' dir='ltr'><strong>ablegatam</strong></span> <span class='ocrx_word' id='word_1_64' title='bbox 820 552 865 591; x_wconf 79' lang='lat' dir='ltr'><strong>ab</strong></span> <span class='ocrx_word' id='word_1_65' title='bbox 886 551 981 590; x_wconf 87' lang='lat' dir='ltr'><strong>urbe</strong></span> <span class='ocrx_word' id='word_1_66' title='bbox 1003 557 1039 590; x_wconf 93' lang='lat' dir='ltr'><strong>et</strong></span> <span class='ocrx_word' id='word_1_67' title='bbox 1060 552 1105 591; x_wconf 83' lang='lat' dir='ltr'><strong>ab</strong></span> <span class='ocrx_word' id='word_1_68' title='bbox 1127 565 1168 590; x_wconf 89' lang='lat' dir='ltr'><strong>re</strong></span> <span class='ocrx_word' id='word_1_69' title='bbox 1191 553 1341 602; x_wconf 85' lang='lat' dir='ltr'><strong>publica</strong></span> <span class='ocrx_word' id='word_1_70' title='bbox 1362 553 1497 592; x_wconf 88' lang='lat' dir='ltr'><strong>iuven-</strong></span> 
     </span>
     <span class='ocr_line' id='line_1_12' title="bbox 90 608 1498 659; baseline -0.001 -11"><span class='ocrx_word' id='word_1_71' title='bbox 90 614 211 648; x_wconf 91' lang='lat' dir='ltr'><strong>tutem</strong></span> <span class='ocrx_word' id='word_1_72' title='bbox 242 609 316 647; x_wconf 75' lang='lat' dir='ltr'><strong>iam</strong></span> <span class='ocrx_word' id='word_1_73' title='bbox 345 621 391 647; x_wconf 90' lang='lat' dir='ltr'><strong>ne</strong></span> <span class='ocrx_word' id='word_1_74' title='bbox 417 609 534 648; x_wconf 90' lang='lat' dir='ltr'><strong>hiemi</strong></span> <span class='ocrx_word' id='word_1_75' title='bbox 563 609 719 659; x_wconf 87' lang='lat' dir='ltr'><strong>quidem</strong></span> <span class='ocrx_word' id='word_1_76' title='bbox 748 614 811 648; x_wconf 83' lang='lat' dir='ltr'><strong>aut</strong></span> <span class='ocrx_word' id='word_1_77' title='bbox 831 608 1000 659; x_wconf 84' lang='lat' dir='ltr'><strong>tempori</strong></span> <span class='ocrx_word' id='word_1_78' title='bbox 1022 609 1112 647; x_wconf 79' lang='lat' dir='ltr'><strong>anni</strong></span> <span class='ocrx_word' id='word_1_79' title='bbox 1134 609 1269 647; x_wconf 85' lang='lat' dir='ltr'><strong>cedere</strong></span> <span class='ocrx_word' id='word_1_80' title='bbox 1291 622 1334 647; x_wconf 82' lang='lat' dir='ltr'><strong>ac</strong></span> <span class='ocrx_word' id='word_1_81' title='bbox 1356 610 1498 648; x_wconf 88' lang='lat' dir='ltr'><strong>domos</strong></span> 
     </span>
     <span class='ocr_line' id='line_1_13' title="bbox 92 665 1498 717; baseline -0.001 -13"><span class='ocrx_word' id='word_1_82' title='bbox 92 678 136 705; x_wconf 80' lang='lat' dir='ltr'><strong>ac</strong></span> <span class='ocrx_word' id='word_1_83' title='bbox 156 678 219 704; x_wconf 91' lang='lat' dir='ltr'><strong>res</strong></span> <span class='ocrx_word' id='word_1_84' title='bbox 241 665 404 704; x_wconf 88' lang='lat' dir='ltr'><strong>invisere</strong></span> <span class='ocrx_word' id='word_1_85' title='bbox 424 678 527 704; x_wconf 83' lang='lat' dir='ltr'><strong>suas.</strong></span> <span class='ocrx_word' id='word_1_86' title='bbox 564 678 677 716; x_wconf 81' lang='lat' dir='ltr'><strong>quam</strong></span> <span class='ocrx_word' id='word_1_87' title='bbox 700 670 882 717; x_wconf 77' lang='lat' dir='ltr'><strong>putarent</strong></span> <span class='ocrx_word' id='word_1_88' title='bbox 903 665 1147 704; x_wconf 80' lang='lat' dir='ltr'><strong>continuatae</strong></span> <span class='ocrx_word' id='word_1_89' title='bbox 1168 665 1325 704; x_wconf 81' lang='lat' dir='ltr'><strong>militiae</strong></span> <span class='ocrx_word' id='word_1_90' title='bbox 1343 678 1498 704; x_wconf 82' lang='lat' dir='ltr'><strong>causam</strong></span> 
     </span>
     <span class='ocr_line' id='line_1_14' title="bbox 92 720 1544 773; baseline 0 -13"><span class='ocrx_word' id='word_1_91' title='bbox 92 720 207 761; x_wconf 69' lang='lat' dir='ltr'><strong>esse?</strong></span> <span class='ocrx_word' id='word_1_92' title='bbox 238 723 378 760; x_wconf 79' lang='lat' dir='ltr'><strong>nullam</strong></span> <span class='ocrx_word' id='word_1_93' title='bbox 408 722 582 772; x_wconf 86' lang='lat' dir='ltr'><strong>profecto</strong></span> <span class='ocrx_word' id='word_1_94' title='bbox 605 723 713 761; x_wconf 79' lang='lat' dir='ltr'><strong>aliam</strong></span> <span class='ocrx_word' id='word_1_95' title='bbox 737 722 981 768; x_wconf 81' lang='lat' dir='ltr'><strong>inventuros⁷</strong></span> <span class='ocrx_word' id='word_1_96' title='bbox 1010 734 1124 772; x_wconf 82' lang='lat' dir='ltr'><strong>quam</strong></span> <span class='ocrx_word' id='word_1_97' title='bbox 1146 734 1196 760; x_wconf 89' lang='lat' dir='ltr'><strong>ne</strong></span> <span class='ocrx_word' id='word_1_98' title='bbox 1218 722 1308 772; x_wconf 88' lang='lat' dir='ltr'><strong>quid</strong></span> <span class='ocrx_word' id='word_1_99' title='bbox 1331 735 1400 773; x_wconf 89' lang='lat' dir='ltr'><strong>per</strong></span> <span class='ocrx_word' id='word_1_100' title='bbox 1420 722 1498 760; x_wconf 70' lang='grc'>116-</span> <span class='ocrx_word' id='word_1_101' title='bbox 1531 729 1544 737; x_wconf 71' lang='grc'><em>”</em></span> 
     </span>
     <span class='ocr_line' id='line_1_15' title="bbox 92 778 1499 830; baseline 0 -14"><span class='ocrx_word' id='word_1_102' title='bbox 92 778 287 829; x_wconf 80' lang='lat' dir='ltr'><strong>quentiam</strong></span> <span class='ocrx_word' id='word_1_103' title='bbox 318 778 498 817; x_wconf 89' lang='lat' dir='ltr'><strong>iuvenum</strong></span> <span class='ocrx_word' id='word_1_104' title='bbox 527 791 681 825; x_wconf 86' lang='lat' dir='ltr'><strong>eorum,</strong></span> <span class='ocrx_word' id='word_1_105' title='bbox 709 779 748 817; x_wconf 90' lang='lat' dir='ltr'><strong>in</strong></span> <span class='ocrx_word' id='word_1_106' title='bbox 771 778 910 830; x_wconf 88' lang='lat' dir='ltr'><strong>quibus</strong></span> <span class='ocrx_word' id='word_1_107' title='bbox 932 779 1032 816; x_wconf 88' lang='lat' dir='ltr'><strong>vires</strong></span> <span class='ocrx_word' id='word_1_108' title='bbox 1055 789 1190 816; x_wconf 87' lang='lat' dir='ltr'><strong>omnes</strong></span> <span class='ocrx_word' id='word_1_109' title='bbox 1213 778 1334 829; x_wconf 89' lang='lat' dir='ltr'><strong>plebis</strong></span> <span class='ocrx_word' id='word_1_110' title='bbox 1356 783 1499 825; x_wconf 85' lang='lat' dir='ltr'><strong>essent,</strong></span> 
     </span>
     <span class='ocr_line' id='line_1_16' title="bbox 92 834 1497 886; baseline -0.001 -12"><span class='ocrx_word' id='word_1_111' title='bbox 92 835 150 885; x_wconf 83' lang='lat' dir='ltr'><strong>agi</strong></span> <span class='ocrx_word' id='word_1_112' title='bbox 173 835 220 873; x_wconf 86' lang='grc'><strong>(16</strong></span> <span class='ocrx_word' id='word_1_113' title='bbox 243 835 461 873; x_wconf 87' lang='lat' dir='ltr'><strong>commodis</strong></span> <span class='ocrx_word' id='word_1_114' title='bbox 484 847 618 873; x_wconf 89' lang='lat' dir='ltr'><strong>eorum</strong></span> <span class='ocrx_word' id='word_1_115' title='bbox 641 840 788 886; x_wconf 86' lang='lat' dir='ltr'><strong>posset.</strong></span> <span class='ocrx_word' id='word_1_116' title='bbox 825 834 952 873; x_wconf 82' lang='lat' dir='ltr'><strong>vexari</strong></span> <span class='ocrx_word' id='word_1_117' title='bbox 973 840 1168 886; x_wconf 78' lang='lat' dir='ltr'><strong>praeterea</strong></span> <span class='ocrx_word' id='word_1_118' title='bbox 1185 840 1222 873; x_wconf 88' lang='lat' dir='ltr'><strong>et</strong></span> <span class='ocrx_word' id='word_1_119' title='bbox 1237 834 1360 885; x_wconf 84' lang='lat' dir='ltr'><strong>subigi</strong></span> <span class='ocrx_word' id='word_1_120' title='bbox 1376 835 1497 873; x_wconf 88' lang='lat' dir='ltr'><strong>multo</strong></span> 
     </span>
     <span class='ocr_line' id='line_1_17' title="bbox 92 891 1497 943; baseline -0.001 -13"><span class='ocrx_word' id='word_1_121' title='bbox 92 891 216 930; x_wconf 87' lang='lat' dir='ltr'><strong>aerius</strong></span> <span class='ocrx_word' id='word_1_122' title='bbox 238 904 354 942; x_wconf 81' lang='lat' dir='ltr'><strong>quam</strong></span> <span class='ocrx_word' id='word_1_123' title='bbox 372 891 568 930; x_wconf 83' lang='lat' dir='ltr'><strong>Veientes:</strong></span> <span class='ocrx_word' id='word_1_124' title='bbox 592 892 735 943; x_wconf 85' lang='lat' dir='ltr'><strong>quippe</strong></span> <span class='ocrx_word' id='word_1_125' title='bbox 752 891 837 930; x_wconf 92' lang='lat' dir='ltr'><strong>illos</strong></span> <span class='ocrx_word' id='word_1_126' title='bbox 855 892 1021 929; x_wconf 87' lang='lat' dir='ltr'><strong>hiemem</strong></span> <span class='ocrx_word' id='word_1_127' title='bbox 1044 891 1115 930; x_wconf 92' lang='lat' dir='ltr'><strong>sub</strong></span> <span class='ocrx_word' id='word_1_128' title='bbox 1137 891 1247 929; x_wconf 85' lang='lat' dir='ltr'><strong>tectis</strong></span> <span class='ocrx_word' id='word_1_129' title='bbox 1270 891 1351 930; x_wconf 90' lang='lat' dir='ltr'><strong>suis</strong></span> <span class='ocrx_word' id='word_1_130' title='bbox 1374 903 1497 941; x_wconf 72' lang='lat' dir='ltr'><strong>agere⁷</strong></span> 
     </span>
     <span class='ocr_line' id='line_1_18' title="bbox 92 947 1497 998; baseline -0.001 -12"><span class='ocrx_word' id='word_1_131' title='bbox 92 947 254 998; x_wconf 82' lang='lat' dir='ltr'><strong>egregiis</strong></span> <span class='ocrx_word' id='word_1_132' title='bbox 283 948 405 986; x_wconf 90' lang='lat' dir='ltr'><strong>muris</strong></span> <span class='ocrx_word' id='word_1_133' title='bbox 434 949 587 998; x_wconf 85' lang='lat' dir='ltr'><strong>situque</strong></span> <span class='ocrx_word' id='word_1_134' title='bbox 613 948 774 986; x_wconf 81' lang='lat' dir='ltr'><strong>naturali</strong></span> <span class='ocrx_word' id='word_1_135' title='bbox 795 947 929 986; x_wconf 90' lang='lat' dir='ltr'><strong>urbem</strong></span> <span class='ocrx_word' id='word_1_136' title='bbox 951 952 1137 992; x_wconf 76' lang='lat' dir='ltr'><strong>tutantes,</strong></span> <span class='ocrx_word' id='word_1_137' title='bbox 1169 947 1328 985; x_wconf 90' lang='lat' dir='ltr'><strong>militem</strong></span> <span class='ocrx_word' id='word_1_138' title='bbox 1351 947 1497 986; x_wconf 81' lang='lat' dir='ltr'><strong>Roma-</strong></span> 
     </span>
     <span class='ocr_line' id='line_1_19' title="bbox 91 1003 1498 1054; baseline -0.001 -12"><span class='ocrx_word' id='word_1_139' title='bbox 91 1015 187 1042; x_wconf 88' lang='lat' dir='ltr'><strong>num</strong></span> <span class='ocrx_word' id='word_1_140' title='bbox 208 1004 246 1041; x_wconf 93' lang='lat' dir='ltr'><strong>in</strong></span> <span class='ocrx_word' id='word_1_141' title='bbox 270 1016 387 1054; x_wconf 89' lang='lat' dir='ltr'><strong>opere</strong></span> <span class='ocrx_word' id='word_1_142' title='bbox 410 1017 453 1042; x_wconf 82' lang='lat' dir='ltr'><strong>ac</strong></span> <span class='ocrx_word' id='word_1_143' title='bbox 472 1004 621 1051; x_wconf 81' lang='lat' dir='ltr'><strong>labore,</strong></span> <span class='ocrx_word' id='word_1_144' title='bbox 645 1003 797 1042; x_wconf 90' lang='lat' dir='ltr'><strong>nivibus</strong></span> <span class='ocrx_word' id='word_1_145' title='bbox 821 1003 1050 1054; x_wconf 86' lang='lat' dir='ltr'><strong>pruinisque</strong></span> <span class='ocrx_word' id='word_1_146' title='bbox 1072 1003 1273 1050; x_wconf 87' lang='lat' dir='ltr'><strong>obrutum,</strong></span> <span class='ocrx_word' id='word_1_147' title='bbox 1295 1003 1366 1041; x_wconf 90' lang='lat' dir='ltr'><strong>sub</strong></span> <span class='ocrx_word' id='word_1_148' title='bbox 1389 1003 1498 1053; x_wconf 88' lang='lat' dir='ltr'><strong>pelli-</strong></span> 
     </span>
     <span class='ocr_line' id='line_1_20' title="bbox 90 1059 1497 1110; baseline -0.001 -12"><span class='ocrx_word' id='word_1_149' title='bbox 90 1059 163 1099; x_wconf 90' lang='lat' dir='ltr'><strong>bus</strong></span> <span class='ocrx_word' id='word_1_150' title='bbox 201 1060 338 1098; x_wconf 80' lang='lat' dir='ltr'><strong>durare</strong></span> <span class='ocrx_word' id='word_1_151' title='bbox 375 1072 422 1098; x_wconf 85' lang='lat' dir='ltr'><strong>ne</strong></span> <span class='ocrx_word' id='word_1_152' title='bbox 451 1060 589 1098; x_wconf 89' lang='lat' dir='ltr'><strong>hiemis</strong></span> <span class='ocrx_word' id='word_1_153' title='bbox 619 1060 772 1110; x_wconf 88' lang='lat' dir='ltr'><strong>quidem</strong></span> <span class='ocrx_word' id='word_1_154' title='bbox 803 1059 946 1110; x_wconf 80' lang='lat' dir='ltr'><strong>spatio,</strong></span> <span class='ocrx_word' id='word_1_155' title='bbox 982 1071 1077 1110; x_wconf 79' lang='lat' dir='ltr'><strong>quae</strong></span> <span class='ocrx_word' id='word_1_156' title='bbox 1105 1059 1281 1097; x_wconf 91' lang='lat' dir='ltr'><strong>omnium</strong></span> <span class='ocrx_word' id='word_1_157' title='bbox 1310 1059 1497 1097; x_wconf 87' lang='lat' dir='ltr'><strong>bellorum</strong></span> 
     </span>
     <span class='ocr_line' id='line_1_21' title="bbox 89 1115 1497 1167; baseline -0.001 -13"><span class='ocrx_word' id='word_1_158' title='bbox 89 1120 189 1155; x_wconf 81' lang='lat' dir='ltr'><strong>terra</strong></span> <span class='ocrx_word' id='word_1_159' title='bbox 221 1115 394 1167; x_wconf 79' lang='lat' dir='ltr'><strong>marique</strong></span> <span class='ocrx_word' id='word_1_160' title='bbox 422 1116 472 1154; x_wconf 89' lang='lat' dir='ltr'><strong>sit</strong></span> <span class='ocrx_word' id='word_1_161' title='bbox 503 1116 629 1166; x_wconf 84' lang='lat' dir='ltr'><strong>quies,</strong></span> <span class='ocrx_word' id='word_1_162' title='bbox 659 1128 766 1154; x_wconf 79' lang='lat' dir='ltr'><strong>arma</strong></span> <span class='ocrx_word' id='word_1_163' title='bbox 794 1116 1066 1166; x_wconf 87' lang='lat' dir='ltr'><strong>deponentem.</strong></span> <span class='ocrx_word' id='word_1_164' title='bbox 1116 1116 1192 1154; x_wconf 88' lang='lat' dir='ltr'><strong>hoc</strong></span> <span class='ocrx_word' id='word_1_165' title='bbox 1223 1128 1347 1166; x_wconf 89' lang='lat' dir='ltr'><strong>neque</strong></span> <span class='ocrx_word' id='word_1_166' title='bbox 1374 1128 1497 1166; x_wconf 81' lang='lat' dir='ltr'><strong>reges,</strong></span> 
     </span>
     <span class='ocr_line' id='line_1_22' title="bbox 91 1171 1499 1223; baseline -0.001 -12"><span class='ocrx_word' id='word_1_167' title='bbox 91 1185 214 1223; x_wconf 90' lang='lat' dir='ltr'><strong>neque</strong></span> <span class='ocrx_word' id='word_1_168' title='bbox 241 1177 328 1211; x_wconf 83' lang='lat' dir='ltr'><strong>ante</strong></span> <span class='ocrx_word' id='word_1_169' title='bbox 356 1172 601 1211; x_wconf 81' lang='lat' dir='ltr'><strong>tribuniciam</strong></span> <span class='ocrx_word' id='word_1_170' title='bbox 630 1177 862 1223; x_wconf 80' lang='lat' dir='ltr'><strong>potestatem</strong></span> <span class='ocrx_word' id='word_1_171' title='bbox 891 1177 1056 1211; x_wconf 79' lang='lat' dir='ltr'><strong>creatam</strong></span> <span class='ocrx_word' id='word_1_172' title='bbox 1078 1171 1271 1222; x_wconf 87' lang='lat' dir='ltr'><strong>superbos</strong></span> <span class='ocrx_word' id='word_1_173' title='bbox 1294 1172 1379 1210; x_wconf 93' lang='lat' dir='ltr'><strong>illos</strong></span> <span class='ocrx_word' id='word_1_174' title='bbox 1402 1184 1499 1210; x_wconf 85' lang='lat' dir='ltr'><strong>con—</strong></span> 
     </span>
     <span class='ocr_line' id='line_1_23' title="bbox 92 1228 1496 1279; baseline -0.001 -11"><span class='ocrx_word' id='word_1_175' title='bbox 92 1229 213 1274; x_wconf 84' lang='grc'>511165,</span> <span class='ocrx_word' id='word_1_176' title='bbox 241 1240 367 1279; x_wconf 89' lang='lat' dir='ltr'><strong>neque</strong></span> <span class='ocrx_word' id='word_1_177' title='bbox 394 1229 506 1266; x_wconf 68' lang='lat' dir='ltr'><strong>triste</strong></span> <span class='ocrx_word' id='word_1_178' title='bbox 534 1228 730 1268; x_wconf 77' lang='lat' dir='ltr'><strong>dictatoris</strong></span> <span class='ocrx_word' id='word_1_179' title='bbox 757 1228 985 1279; x_wconf 84' lang='lat' dir='ltr'><strong>imperium,</strong></span> <span class='ocrx_word' id='word_1_180' title='bbox 1014 1240 1141 1279; x_wconf 90' lang='lat' dir='ltr'><strong>neque</strong></span> <span class='ocrx_word' id='word_1_181' title='bbox 1167 1228 1401 1279; x_wconf 86' lang='lat' dir='ltr'><strong>inportunos</strong></span> <span class='ocrx_word' id='word_1_182' title='bbox 1430 1229 1496 1266; x_wconf 89' lang='lat' dir='ltr'><strong>de—</strong></span> 
     </span>
     <span class='ocr_line' id='line_1_24' title="bbox 93 1284 1498 1336; baseline -0.001 -12"><span class='ocrx_word' id='word_1_183' title='bbox 93 1285 285 1324; x_wconf 79' lang='lat' dir='ltr'><strong>cemviios</strong></span> <span class='ocrx_word' id='word_1_184' title='bbox 316 1285 534 1323; x_wconf 81' lang='lat' dir='ltr'><strong>iniunxisse</strong></span> <span class='ocrx_word' id='word_1_185' title='bbox 563 1285 777 1332; x_wconf 78' lang='lat' dir='ltr'><strong>seivitutis,</strong></span> <span class='ocrx_word' id='word_1_186' title='bbox 808 1290 850 1324; x_wconf 93' lang='lat' dir='ltr'><strong>ut</strong></span> <span class='ocrx_word' id='word_1_187' title='bbox 877 1297 1086 1336; x_wconf 85' lang='lat' dir='ltr'><strong>perennem</strong></span> <span class='ocrx_word' id='word_1_188' title='bbox 1115 1284 1289 1323; x_wconf 84' lang='lat' dir='ltr'><strong>militiam</strong></span> <span class='ocrx_word' id='word_1_189' title='bbox 1317 1285 1498 1329; x_wconf 75' lang='lat' dir='ltr'><strong>faceient,</strong></span> 
     </span>
    </p>
   </div>
   <div class='ocr_carea' id='block_1_5' title="bbox 89 1375 759 2498">
    <p class='ocr_par' dir='ltr' id='par_1_5' title="bbox 89 1375 759 2498">
     <span class='ocr_line' id='line_1_25' title="bbox 137 1375 755 1407; baseline 0 -1"><span class='ocrx_word' id='word_1_190' title='bbox 137 1375 186 1406; x_wconf 79' lang='lat'><strong>3-</strong></span> <span class='ocrx_word' id='word_1_191' title='bbox 194 1375 226 1406; x_wconf 88' lang='lat'><strong>4.</strong></span> <span class='ocrx_word' id='word_1_192' title='bbox 267 1376 327 1407; x_wconf 80' lang='lat' dir='ltr'><strong>lzoc</strong></span> <span class='ocrx_word' id='word_1_193' title='bbox 360 1376 391 1406; x_wconf 90' lang='lat' dir='ltr'><strong>in</strong></span> <span class='ocrx_word' id='word_1_194' title='bbox 427 1381 512 1407; x_wconf 84' lang='lat' dir='ltr'><strong>orat.</strong></span> <span class='ocrx_word' id='word_1_195' title='bbox 539 1376 602 1407; x_wconf 92' lang='lat' dir='ltr'><strong>obl.</strong></span> <span class='ocrx_word' id='word_1_196' title='bbox 634 1376 689 1406; x_wconf 85' lang='lat' dir='ltr'><strong>hat</strong></span> <span class='ocrx_word' id='word_1_197' title='bbox 717 1375 755 1407; x_wconf 93' lang='lat' dir='ltr'><strong>L.</strong></span> 
     </span>
     <span class='ocr_line' id='line_1_26' title="bbox 90 1419 756 1462; baseline 0 -11"><span class='ocrx_word' id='word_1_198' title='bbox 90 1419 274 1460; x_wconf 77' lang='lat' dir='ltr'><strong>mehr-sach,</strong></span> <span class='ocrx_word' id='word_1_199' title='bbox 306 1431 332 1452; x_wconf 87' lang='lat' dir='ltr'><strong>s.</strong></span> <span class='ocrx_word' id='word_1_200' title='bbox 357 1419 430 1462; x_wconf 72' lang='lat'><strong>§83</strong></span> <span class='ocrx_word' id='word_1_201' title='bbox 462 1431 489 1452; x_wconf 87' lang='lat' dir='ltr'><strong>c.</strong></span> <span class='ocrx_word' id='word_1_202' title='bbox 511 1420 561 1459; x_wconf 85' lang='grc'><strong>11,</strong></span> <span class='ocrx_word' id='word_1_203' title='bbox 581 1421 599 1451; x_wconf 81' lang='lat' dir='ltr'>S</span> <span class='ocrx_word' id='word_1_204' title='bbox 617 1431 648 1451; x_wconf 92' lang='lat' dir='ltr'><strong>u.</strong></span> <span class='ocrx_word' id='word_1_205' title='bbox 667 1430 696 1452; x_wconf 84' lang='lat' dir='ltr'><strong>a.</strong></span> <span class='ocrx_word' id='word_1_206' title='bbox 718 1439 756 1443; x_wconf 89' lang='lat'><strong>——</strong></span> 
     </span>
     <span class='ocr_line' id='line_1_27' title="bbox 91 1464 755 1507; baseline -0.002 -10"><span class='ocrx_word' id='word_1_207' title='bbox 91 1465 152 1497; x_wconf 73' lang='lat' dir='ltr'><strong>hoo</strong></span> <span class='ocrx_word' id='word_1_208' title='bbox 167 1465 265 1504; x_wconf 74' lang='lat' dir='ltr'><strong>illud,</strong></span> <span class='ocrx_word' id='word_1_209' title='bbox 291 1464 393 1507; x_wconf 83' lang='lat' dir='ltr'><strong>praef.</strong></span> <span class='ocrx_word' id='word_1_210' title='bbox 420 1466 471 1498; x_wconf 88' lang='lat'><strong>10.</strong></span> <span class='ocrx_word' id='word_1_211' title='bbox 494 1483 539 1488; x_wconf 85' lang='lat'>—</span> <span class='ocrx_word' id='word_1_212' title='bbox 560 1475 701 1507; x_wconf 72' lang='lat' dir='ltr'><strong>veneno,</strong></span> <span class='ocrx_word' id='word_1_213' title='bbox 725 1466 755 1507; x_wconf 76' lang='lat'><strong>4,</strong></span> 
     </span>
     <span class='ocr_line' id='line_1_28' title="bbox 92 1510 757 1553; baseline 0 -12"><span class='ocrx_word' id='word_1_214' title='bbox 92 1511 151 1549; x_wconf 85' lang='grc'><strong>60,</strong></span> <span class='ocrx_word' id='word_1_215' title='bbox 176 1510 207 1542; x_wconf 89' lang='grc'><strong>3.</strong></span> <span class='ocrx_word' id='word_1_216' title='bbox 235 1528 279 1533; x_wconf 86' lang='grc'><strong>-</strong></span> <span class='ocrx_word' id='word_1_217' title='bbox 303 1512 409 1553; x_wconf 81' lang='lat' dir='ltr'><strong>fore,</strong></span> <span class='ocrx_word' id='word_1_218' title='bbox 438 1521 502 1542; x_wconf 91' lang='lat' dir='ltr'><strong>von</strong></span> <span class='ocrx_word' id='word_1_219' title='bbox 532 1511 604 1542; x_wconf 88' lang='lat' dir='ltr'><strong>dem</strong></span> <span class='ocrx_word' id='word_1_220' title='bbox 634 1511 757 1542; x_wconf 83' lang='lat' dir='ltr'><strong>Stand-</strong></span> 
     </span>
     <span class='ocr_line' id='line_1_29' title="bbox 90 1555 757 1598; baseline 0 -12"><span class='ocrx_word' id='word_1_221' title='bbox 90 1555 213 1598; x_wconf 90' lang='lat' dir='ltr'><strong>punkte</strong></span> <span class='ocrx_word' id='word_1_222' title='bbox 232 1556 290 1587; x_wconf 79' lang='lat' dir='ltr'><strong>der</strong></span> <span class='ocrx_word' id='word_1_223' title='bbox 306 1556 574 1596; x_wconf 79' lang='lat' dir='ltr'><strong>Vergangenheit</strong></span> <span class='ocrx_word' id='word_1_224' title='bbox 591 1566 661 1587; x_wconf 85' lang='lat' dir='ltr'><strong>aus.</strong></span> <span class='ocrx_word' id='word_1_225' title='bbox 690 1556 757 1587; x_wconf 84' lang='lat' dir='ltr'><strong>Ob-</strong></span> 
     </span>
     <span class='ocr_line' id='line_1_30' title="bbox 90 1600 757 1641; baseline 0.001 -10"><span class='ocrx_word' id='word_1_226' title='bbox 90 1601 196 1641; x_wconf 85' lang='lat' dir='ltr'><strong>gleich</strong></span> <span class='ocrx_word' id='word_1_227' title='bbox 221 1600 258 1632; x_wconf 87' lang='lat' dir='ltr'><strong>L.</strong></span> <span class='ocrx_word' id='word_1_228' title='bbox 281 1601 356 1640; x_wconf 78' lang='lat' dir='ltr'><strong>das,</strong></span> <span class='ocrx_word' id='word_1_229' title='bbox 386 1611 455 1632; x_wconf 81' lang='lat' dir='ltr'><strong>was</strong></span> <span class='ocrx_word' id='word_1_230' title='bbox 486 1602 637 1641; x_wconf 82' lang='lat' dir='ltr'><strong>entgeht,</strong></span> <span class='ocrx_word' id='word_1_231' title='bbox 668 1601 757 1632; x_wconf 85' lang='lat' dir='ltr'><strong>nicht</strong></span> 
     </span>
     <span class='ocr_line' id='line_1_31' title="bbox 89 1645 756 1686; baseline 0 -9"><span class='ocrx_word' id='word_1_232' title='bbox 89 1645 241 1677; x_wconf 85' lang='lat' dir='ltr'><strong>bemerkt</strong></span> <span class='ocrx_word' id='word_1_233' title='bbox 273 1647 373 1685; x_wconf 81' lang='lat' dir='ltr'><strong>wird,</strong></span> <span class='ocrx_word' id='word_1_234' title='bbox 413 1647 621 1686; x_wconf 75' lang='lat' dir='ltr'><strong>gewiihnlich</strong></span> <span class='ocrx_word' id='word_1_235' title='bbox 656 1647 756 1677; x_wconf 84' lang='lat' dir='ltr'><strong>durch</strong></span> 
     </span>
     <span class='ocr_line' id='line_1_32' title="bbox 91 1690 756 1722; baseline 0 0"><span class='ocrx_word' id='word_1_236' title='bbox 91 1691 143 1722; x_wconf 91' lang='lat' dir='ltr'><strong>ein</strong></span> <span class='ocrx_word' id='word_1_237' title='bbox 168 1690 292 1722; x_wconf 85' lang='lat' dir='ltr'><strong>Nomen</strong></span> <span class='ocrx_word' id='word_1_238' title='bbox 324 1691 423 1722; x_wconf 85' lang='lat' dir='ltr'><strong>allein</strong></span> <span class='ocrx_word' id='word_1_239' title='bbox 455 1692 535 1722; x_wconf 91' lang='lat' dir='ltr'><strong>oder</strong></span> <span class='ocrx_word' id='word_1_240' title='bbox 563 1691 622 1722; x_wconf 83' lang='lat' dir='ltr'><strong>mit</strong></span> <span class='ocrx_word' id='word_1_241' title='bbox 651 1691 756 1722; x_wconf 88' lang='lat' dir='ltr'><strong>einem</strong></span> 
     </span>
     <span class='ocr_line' id='line_1_33' title="bbox 90 1735 755 1777; baseline -0.002 -10"><span class='ocrx_word' id='word_1_242' title='bbox 90 1735 259 1777; x_wconf 63' lang='lat' dir='ltr'><strong>partieip„</strong></span> <span class='ocrx_word' id='word_1_243' title='bbox 278 1746 303 1767; x_wconf 92' lang='lat' dir='ltr'><strong>s.</strong></span> <span class='ocrx_word' id='word_1_244' title='bbox 322 1736 376 1776; x_wconf 83' lang='grc'><strong>25,</strong></span> <span class='ocrx_word' id='word_1_245' title='bbox 396 1736 447 1777; x_wconf 87' lang='grc'><strong>23,</strong></span> <span class='ocrx_word' id='word_1_246' title='bbox 467 1737 502 1776; x_wconf 82' lang='lat'><strong>53</strong></span> <span class='ocrx_word' id='word_1_247' title='bbox 523 1737 553 1776; x_wconf 89' lang='lat'><strong>5,</strong></span> <span class='ocrx_word' id='word_1_248' title='bbox 572 1736 625 1774; x_wconf 76' lang='lat'><strong>47,</strong></span> <span class='ocrx_word' id='word_1_249' title='bbox 645 1735 682 1773; x_wconf 81' lang='lat'><strong>33</strong></span> <span class='ocrx_word' id='word_1_250' title='bbox 701 1736 755 1776; x_wconf 84' lang='grc'><strong>21,</strong></span> 
     </span>
     <span class='ocr_line' id='line_1_34' title="bbox 91 1780 755 1821; baseline 0.002 -10"><span class='ocrx_word' id='word_1_251' title='bbox 91 1781 144 1818; x_wconf 78' lang='grc' dir='ltr'><strong>5Τ,</strong></span> <span class='ocrx_word' id='word_1_252' title='bbox 165 1780 184 1811; x_wconf 87' lang='grc'>6</span> <span class='ocrx_word' id='word_1_253' title='bbox 207 1792 238 1812; x_wconf 93' lang='lat' dir='ltr'><strong>u.</strong></span> <span class='ocrx_word' id='word_1_254' title='bbox 259 1792 298 1821; x_wconf 89' lang='lat'><strong>0.,</strong></span> <span class='ocrx_word' id='word_1_255' title='bbox 328 1781 527 1821; x_wconf 80' lang='lat' dir='ltr'><strong>ausdriickt,</strong></span> <span class='ocrx_word' id='word_1_256' title='bbox 557 1792 593 1812; x_wconf 92' lang='lat' dir='ltr'><strong>so</strong></span> <span class='ocrx_word' id='word_1_257' title='bbox 612 1782 657 1812; x_wconf 87' lang='lat' dir='ltr'><strong>ist</strong></span> <span class='ocrx_word' id='word_1_258' title='bbox 674 1782 755 1812; x_wconf 87' lang='lat' dir='ltr'><strong>doch</strong></span> 
     </span>
     <span class='ocr_line' id='line_1_35' title="bbox 90 1824 756 1867; baseline 0 -10"><span class='ocrx_word' id='word_1_259' title='bbox 90 1825 165 1857; x_wconf 89' lang='lat' dir='ltr'><strong>kein</strong></span> <span class='ocrx_word' id='word_1_260' title='bbox 186 1825 396 1867; x_wconf 77' lang='lat' dir='ltr'><strong>Grundsore</strong></span> <span class='ocrx_word' id='word_1_261' title='bbox 414 1828 471 1857; x_wconf 88' lang='lat' dir='ltr'><strong>mit</strong></span> <span class='ocrx_word' id='word_1_262' title='bbox 490 1824 625 1857; x_wconf 81' lang='lat' dir='ltr'><strong>Hofman</strong></span> <span class='ocrx_word' id='word_1_263' title='bbox 642 1826 756 1857; x_wconf 86' lang='lat' dir='ltr'><strong>Peerl-</strong></span> 
     </span>
     <span class='ocr_line' id='line_1_36' title="bbox 90 1870 757 1913; baseline -0.001 -11"><span class='ocrx_word' id='word_1_264' title='bbox 90 1871 186 1912; x_wconf 85' lang='lat' dir='ltr'><strong>kamp</strong></span> <span class='ocrx_word' id='word_1_265' title='bbox 205 1870 306 1911; x_wconf 74' lang='lat' dir='ltr'><strong>Vei-g.</strong></span> <span class='ocrx_word' id='word_1_266' title='bbox 328 1872 355 1913; x_wconf 87' lang='lat'><strong>7,</strong></span> <span class='ocrx_word' id='word_1_267' title='bbox 375 1871 455 1911; x_wconf 77' lang='lat'><strong>3503</strong></span> <span class='ocrx_word' id='word_1_268' title='bbox 475 1871 552 1902; x_wconf 72' lang='lat' dir='ltr'><strong>Hor.</strong></span> <span class='ocrx_word' id='word_1_269' title='bbox 574 1871 633 1902; x_wconf 91' lang='lat' dir='ltr'><strong>Od.</strong></span> <span class='ocrx_word' id='word_1_270' title='bbox 654 1872 682 1910; x_wconf 82' lang='lat'><strong>3,</strong></span> <span class='ocrx_word' id='word_1_271' title='bbox 706 1870 757 1911; x_wconf 78' lang='lat'><strong>16,</strong></span> 
     </span>
     <span class='ocr_line' id='line_1_37' title="bbox 91 1915 753 1956; baseline 0 -9"><span class='ocrx_word' id='word_1_272' title='bbox 91 1915 133 1947; x_wconf 90' lang='lat'><strong>32</strong></span> <span class='ocrx_word' id='word_1_273' title='bbox 157 1927 199 1947; x_wconf 92' lang='lat' dir='ltr'><strong>zu</strong></span> <span class='ocrx_word' id='word_1_274' title='bbox 222 1916 342 1956; x_wconf 88' lang='lat' dir='ltr'><strong>tilgen,</strong></span> <span class='ocrx_word' id='word_1_275' title='bbox 368 1917 407 1947; x_wconf 87' lang='lat' dir='ltr'><strong>da</strong></span> <span class='ocrx_word' id='word_1_276' title='bbox 432 1916 539 1947; x_wconf 76' lang='lat' dir='ltr'><strong>selbst</strong></span> <span class='ocrx_word' id='word_1_277' title='bbox 563 1916 677 1947; x_wconf 85' lang='lat' dir='ltr'><strong>Cicero</strong></span> <span class='ocrx_word' id='word_1_278' title='bbox 697 1917 753 1947; x_wconf 80' lang='lat' dir='ltr'><strong>Or.</strong></span> 
     </span>
     <span class='ocr_line' id='line_1_38' title="bbox 92 1960 756 2002; baseline 0 -10"><span class='ocrx_word' id='word_1_279' title='bbox 92 1960 145 2000; x_wconf 85' lang='lat'><strong>67,</strong></span> <span class='ocrx_word' id='word_1_280' title='bbox 163 1961 246 2000; x_wconf 78' lang='lat'><strong>2253</strong></span> <span class='ocrx_word' id='word_1_281' title='bbox 265 1962 335 1993; x_wconf 83' lang='lat' dir='ltr'><strong>Att.</strong></span> <span class='ocrx_word' id='word_1_282' title='bbox 353 1961 383 2001; x_wconf 88' lang='lat'><strong>3,</strong></span> <span class='ocrx_word' id='word_1_283' title='bbox 399 1961 450 2002; x_wconf 88' lang='grc'><strong>23,</strong></span> <span class='ocrx_word' id='word_1_284' title='bbox 465 1962 485 1992; x_wconf 80' lang='grc'>4</span> <span class='ocrx_word' id='word_1_285' title='bbox 498 1962 558 1992; x_wconf 88' lang='grc'>(1611</span> <span class='ocrx_word' id='word_1_286' title='bbox 573 1971 640 1992; x_wconf 83' lang='lat' dir='ltr'><strong>acc.</strong></span> <span class='ocrx_word' id='word_1_287' title='bbox 657 1972 684 1992; x_wconf 86' lang='lat' dir='ltr'><strong>c.</strong></span> <span class='ocrx_word' id='word_1_288' title='bbox 699 1960 756 1992; x_wconf 86' lang='lat' dir='ltr'><strong>inf.</strong></span> 
     </span>
     <span class='ocr_line' id='line_1_39' title="bbox 91 2005 756 2049; baseline 0 -13"><span class='ocrx_word' id='word_1_289' title='bbox 91 2005 274 2045; x_wconf 83' lang='lat' dir='ltr'><strong>hinzul&#39;iigt.</strong></span> <span class='ocrx_word' id='word_1_290' title='bbox 296 2024 336 2029; x_wconf 86' lang='lat'>—</span> <span class='ocrx_word' id='word_1_291' title='bbox 364 2009 424 2038; x_wconf 77' lang='lat' dir='ltr'><strong>aut</strong></span> <span class='ocrx_word' id='word_1_292' title='bbox 447 2009 546 2049; x_wconf 80' lang='lat' dir='ltr'><strong>temp.</strong></span> <span class='ocrx_word' id='word_1_293' title='bbox 571 2017 642 2037; x_wconf 67' lang='lat' dir='ltr'><strong>am:</strong></span> <span class='ocrx_word' id='word_1_294' title='bbox 675 2007 756 2037; x_wconf 83' lang='lat' dir='ltr'><strong>oder</strong></span> 
     </span>
     <span class='ocr_line' id='line_1_40' title="bbox 91 2051 756 2093; baseline 0.002 -12"><span class='ocrx_word' id='word_1_295' title='bbox 91 2051 276 2092; x_wconf 81' lang='lat' dir='ltr'><strong>iiberbaupt</strong></span> <span class='ocrx_word' id='word_1_296' title='bbox 299 2052 391 2081; x_wconf 78' lang='lat' dir='ltr'><strong>einer</strong></span> <span class='ocrx_word' id='word_1_297' title='bbox 415 2051 620 2093; x_wconf 72' lang='lat' dir='ltr'><strong>sahi—eszeit,</strong></span> <span class='ocrx_word' id='word_1_298' title='bbox 650 2052 693 2082; x_wconf 89' lang='lat' dir='ltr'><strong>ist</strong></span> <span class='ocrx_word' id='word_1_299' title='bbox 715 2063 756 2083; x_wconf 79' lang='lat' dir='ltr'><strong>ne</strong></span> 
     </span>
     <span class='ocr_line' id='line_1_41' title="bbox 91 2096 756 2137; baseline 0.002 -11"><span class='ocrx_word' id='word_1_300' title='bbox 91 2096 194 2127; x_wconf 75' lang='lat' dir='ltr'><strong>hiemi</strong></span> <span class='ocrx_word' id='word_1_301' title='bbox 209 2107 236 2137; x_wconf 88' lang='lat' dir='ltr'><strong>q.</strong></span> <span class='ocrx_word' id='word_1_302' title='bbox 262 2106 313 2126; x_wconf 88' lang='lat' dir='ltr'><strong>um</strong></span> <span class='ocrx_word' id='word_1_303' title='bbox 337 2096 446 2127; x_wconf 88' lang='lat' dir='ltr'><strong>dieses</strong></span> <span class='ocrx_word' id='word_1_304' title='bbox 471 2107 511 2127; x_wconf 86' lang='lat' dir='ltr'><strong>zu</strong></span> <span class='ocrx_word' id='word_1_305' title='bbox 531 2097 634 2127; x_wconf 81' lang='lat' dir='ltr'><strong>lieben</strong></span> <span class='ocrx_word' id='word_1_306' title='bbox 654 2097 756 2127; x_wconf 86' lang='lat' dir='ltr'><strong>nach-</strong></span> 
     </span>
     <span class='ocr_line' id='line_1_42' title="bbox 91 2141 756 2184; baseline 0.002 -12"><span class='ocrx_word' id='word_1_307' title='bbox 91 2145 234 2181; x_wconf 86' lang='lat' dir='ltr'><strong>gesetzt‚</strong></span> <span class='ocrx_word' id='word_1_308' title='bbox 252 2145 346 2171; x_wconf 87' lang='lat' dir='ltr'><strong>soust</strong></span> <span class='ocrx_word' id='word_1_309' title='bbox 365 2141 477 2172; x_wconf 78' lang='lat' dir='ltr'><strong>wiirde</strong></span> <span class='ocrx_word' id='word_1_310' title='bbox 496 2152 569 2172; x_wconf 76' lang='lat' dir='ltr'><strong>esse</strong></span> <span class='ocrx_word' id='word_1_311' title='bbox 585 2143 618 2172; x_wconf 75' lang='lat' dir='ltr'><strong>in</strong></span> <span class='ocrx_word' id='word_1_312' title='bbox 633 2153 756 2184; x_wconf 77' lang='lat' dir='ltr'><strong>perpe-</strong></span> 
     </span>
     <span class='ocr_line' id='line_1_43' title="bbox 94 2187 758 2227; baseline 0 -9"><span class='ocrx_word' id='word_1_313' title='bbox 94 2189 188 2218; x_wconf 78' lang='lat' dir='ltr'><strong>tuum</strong></span> <span class='ocrx_word' id='word_1_314' title='bbox 223 2187 464 2227; x_wconf 81' lang='lat' dir='ltr'><strong>entsprecliend</strong></span> <span class='ocrx_word' id='word_1_315' title='bbox 494 2187 640 2217; x_wconf 76' lang='lat' dir='ltr'><strong>heis-sen:</strong></span> <span class='ocrx_word' id='word_1_316' title='bbox 672 2187 758 2218; x_wconf 70' lang='lat' dir='ltr'><strong>nulli</strong></span> 
     </span>
     <span class='ocr_line' id='line_1_44' title="bbox 91 2231 758 2273; baseline 0 -11"><span class='ocrx_word' id='word_1_317' title='bbox 91 2233 174 2262; x_wconf 78' lang='grc' dir='ltr'><em>αηηί</em></span> <span class='ocrx_word' id='word_1_318' title='bbox 189 2232 335 2273; x_wconf 73' lang='lat' dir='ltr'><strong>tempori</strong></span> <span class='ocrx_word' id='word_1_319' title='bbox 357 2242 398 2262; x_wconf 78' lang='lat' dir='ltr'><strong>ne</strong></span> <span class='ocrx_word' id='word_1_320' title='bbox 414 2231 517 2262; x_wconf 75' lang='lat' dir='ltr'><strong>hiemi</strong></span> <span class='ocrx_word' id='word_1_321' title='bbox 531 2231 661 2272; x_wconf 75' lang='lat' dir='ltr'><strong>quidem</strong></span> <span class='ocrx_word' id='word_1_322' title='bbox 680 2237 758 2272; x_wconf 58' lang='lat' dir='ltr'><strong>etc„</strong></span> 
     </span>
     <span class='ocr_line' id='line_1_45' title="bbox 90 2275 757 2317; baseline 0 -10"><span class='ocrx_word' id='word_1_323' title='bbox 90 2276 156 2316; x_wconf 82' lang='lat' dir='ltr'><strong>vgl.</strong></span> <span class='ocrx_word' id='word_1_324' title='bbox 176 2275 196 2317; x_wconf 63' lang='grc' dir='ltr'>ξ</span> <span class='ocrx_word' id='word_1_325' title='bbox 214 2276 271 2314; x_wconf 76' lang='lat'><strong>113</strong></span> <span class='ocrx_word' id='word_1_326' title='bbox 291 2286 318 2307; x_wconf 91' lang='lat' dir='ltr'><strong>c.</strong></span> <span class='ocrx_word' id='word_1_327' title='bbox 334 2275 364 2315; x_wconf 83' lang='grc'><strong>6,</strong></span> <span class='ocrx_word' id='word_1_328' title='bbox 379 2276 415 2315; x_wconf 81' lang='grc'>2;</span> <span class='ocrx_word' id='word_1_329' title='bbox 436 2276 485 2316; x_wconf 81' lang='grc'><strong>10,</strong></span> <span class='ocrx_word' id='word_1_330' title='bbox 500 2276 537 2314; x_wconf 68' lang='grc' dir='ltr'><strong>ὃς</strong></span> <span class='ocrx_word' id='word_1_331' title='bbox 553 2277 617 2315; x_wconf 82' lang='lat' dir='ltr'><strong>vgl.</strong></span> <span class='ocrx_word' id='word_1_332' title='bbox 635 2276 757 2317; x_wconf 83' lang='lat'><strong>36,10‚</strong></span> 
     </span>
     <span class='ocr_line' id='line_1_46' title="bbox 91 2320 759 2363; baseline 0 -11"><span class='ocrx_word' id='word_1_333' title='bbox 91 2320 126 2352; x_wconf 88' lang='lat' dir='ltr'><strong>S:</strong></span> <span class='ocrx_word' id='word_1_334' title='bbox 140 2331 228 2353; x_wconf 77' lang='lat' dir='ltr'><strong>nunc</strong></span> <span class='ocrx_word' id='word_1_335' title='bbox 241 2321 383 2352; x_wconf 75' lang='lat' dir='ltr'><strong>hiemem</strong></span> <span class='ocrx_word' id='word_1_336' title='bbox 397 2324 428 2352; x_wconf 77' lang='lat' dir='ltr'><strong>et</strong></span> <span class='ocrx_word' id='word_1_337' title='bbox 443 2321 759 2363; x_wconf 76' lang='lat' dir='ltr'><strong>tempu.s·a1111ibelli-</strong></span> 
     </span>
     <span class='ocr_line' id='line_1_47' title="bbox 90 2366 758 2409; baseline 0.001 -12"><span class='ocrx_word' id='word_1_338' title='bbox 90 2376 148 2398; x_wconf 81' lang='lat' dir='ltr'><strong>cae</strong></span> <span class='ocrx_word' id='word_1_339' title='bbox 171 2368 222 2398; x_wconf 79' lang='lat' dir='ltr'><strong>rei</strong></span> <span class='ocrx_word' id='word_1_340' title='bbox 234 2385 256 2388; x_wconf 84' lang='lat'><strong>—</strong></span> <span class='ocrx_word' id='word_1_341' title='bbox 268 2369 396 2409; x_wconf 72' lang='lat' dir='ltr'><strong>aptum.</strong></span> <span class='ocrx_word' id='word_1_342' title='bbox 416 2385 458 2388; x_wconf 34' lang='lat'><strong>*-</strong></span> <span class='ocrx_word' id='word_1_343' title='bbox 477 2366 593 2397; x_wconf 72' lang='lat' dir='ltr'><strong>cedere</strong></span> <span class='ocrx_word' id='word_1_344' title='bbox 606 2381 626 2391; x_wconf 67' lang='lat' dir='ltr'><strong><em>z</em></strong></span> <span class='ocrx_word' id='word_1_345' title='bbox 641 2366 758 2398; x_wconf 71' lang='lat' dir='ltr'><strong>cedere</strong></span> 
     </span>
     <span class='ocr_line' id='line_1_48' title="bbox 91 2410 757 2454; baseline 0.002 -12"><span class='ocrx_word' id='word_1_346' title='bbox 91 2411 206 2451; x_wconf 75' lang='lat' dir='ltr'><strong>licere,</strong></span> <span class='ocrx_word' id='word_1_347' title='bbox 230 2412 292 2442; x_wconf 80' lang='lat' dir='ltr'><strong>wie</strong></span> <span class='ocrx_word' id='word_1_348' title='bbox 311 2410 331 2453; x_wconf 61' lang='grc' dir='ltr'><strong>ξ</strong></span> <span class='ocrx_word' id='word_1_349' title='bbox 350 2412 384 2441; x_wconf 82' lang='lat'><strong>7:</strong></span> <span class='ocrx_word' id='word_1_350' title='bbox 409 2411 638 2454; x_wconf 68' lang='lat' dir='ltr'><strong>deponentem.</strong></span> <span class='ocrx_word' id='word_1_351' title='bbox 657 2430 701 2434; x_wconf 87' lang='lat'><strong>——</strong></span> <span class='ocrx_word' id='word_1_352' title='bbox 718 2422 757 2443; x_wconf 86' lang='lat' dir='ltr'><strong>ac</strong></span> 
     </span>
     <span class='ocr_line' id='line_1_49' title="bbox 92 2455 757 2498; baseline 0 -9"><span class='ocrx_word' id='word_1_353' title='bbox 92 2456 180 2489; x_wconf 84' lang='lat' dir='ltr'><strong>dom.</strong></span> <span class='ocrx_word' id='word_1_354' title='bbox 206 2455 323 2498; x_wconf 34' lang='lat' dir='ltr'><strong>kviiipft</strong></span> <span class='ocrx_word' id='word_1_355' title='bbox 345 2467 385 2487; x_wconf 84' lang='lat' dir='ltr'><strong>an</strong></span> <span class='ocrx_word' id='word_1_356' title='bbox 409 2458 466 2487; x_wconf 80' lang='lat' dir='ltr'><strong>das</strong></span> <span class='ocrx_word' id='word_1_357' title='bbox 486 2456 700 2496; x_wconf 60' lang='lat' dir='ltr'><strong>vorum-gob„</strong></span> <span class='ocrx_word' id='word_1_358' title='bbox 718 2468 757 2489; x_wconf 84' lang='lat' dir='ltr'><strong>ac</strong></span> 
     </span>
    </p>
   </div>
   <div class='ocr_carea' id='block_1_6' title="bbox 92 2501 757 2633">
    <p class='ocr_par' dir='ltr' id='par_1_6' title="bbox 92 2501 757 2633">
     <span class='ocr_line' id='line_1_50' title="bbox 93 2501 757 2533; baseline -0.002 0"><span class='ocrx_word' id='word_1_359' title='bbox 93 2512 149 2533; x_wconf 74' lang='lat' dir='ltr'><strong>res</strong></span> <span class='ocrx_word' id='word_1_360' title='bbox 167 2502 275 2533; x_wconf 83' lang='lat' dir='ltr'><strong>dieses</strong></span> <span class='ocrx_word' id='word_1_361' title='bbox 300 2512 339 2532; x_wconf 87' lang='lat' dir='ltr'><strong>an</strong></span> <span class='ocrx_word' id='word_1_362' title='bbox 358 2501 474 2533; x_wconf 72' lang='lat' dir='ltr'><strong>domos</strong></span> <span class='ocrx_word' id='word_1_363' title='bbox 491 2512 543 2532; x_wconf 82' lang='lat' dir='ltr'><strong>an.</strong></span> <span class='ocrx_word' id='word_1_364' title='bbox 580 2502 638 2533; x_wconf 89' lang='lat' dir='ltr'><strong>Die</strong></span> <span class='ocrx_word' id='word_1_365' title='bbox 659 2501 757 2533; x_wconf 77' lang='lat' dir='ltr'><strong>Wie-</strong></span> 
     </span>
     <span class='ocr_line' id='line_1_51' title="bbox 92 2547 755 2586; baseline 0.002 -9"><span class='ocrx_word' id='word_1_366' title='bbox 92 2547 275 2586; x_wconf 77' lang='lat' dir='ltr'><strong>derholung</strong></span> <span class='ocrx_word' id='word_1_367' title='bbox 291 2557 354 2577; x_wconf 88' lang='lat' dir='ltr'><strong>von</strong></span> <span class='ocrx_word' id='word_1_368' title='bbox 373 2558 411 2578; x_wconf 78' lang='lat' dir='ltr'><strong>ac·</strong></span> <span class='ocrx_word' id='word_1_369' title='bbox 429 2558 454 2577; x_wconf 92' lang='lat' dir='ltr'><strong>s.</strong></span> <span class='ocrx_word' id='word_1_370' title='bbox 475 2547 624 2585; x_wconf 73' lang='lat'><strong>9‚19,4:</strong></span> <span class='ocrx_word' id='word_1_371' title='bbox 645 2547 685 2578; x_wconf 93' lang='lat' dir='ltr'><strong>ib.</strong></span> <span class='ocrx_word' id='word_1_372' title='bbox 702 2547 755 2586; x_wconf 77' lang='lat'><strong>38,</strong></span> 
     </span>
     <span class='ocr_line' id='line_1_52' title="bbox 94 2591 754 2633; baseline 0 -11"><span class='ocrx_word' id='word_1_373' title='bbox 94 2591 225 2632; x_wconf 81' lang='lat'><strong>14310,</strong></span> <span class='ocrx_word' id='word_1_374' title='bbox 243 2591 448 2633; x_wconf 81' lang='lat' dir='ltr'><strong>2S‚17;22,</strong></span> <span class='ocrx_word' id='word_1_375' title='bbox 467 2594 521 2633; x_wconf 62' lang='lat'><strong>45,</strong></span> <span class='ocrx_word' id='word_1_376' title='bbox 541 2592 578 2631; x_wconf 78' lang='lat'><strong>43</strong></span> <span class='ocrx_word' id='word_1_377' title='bbox 599 2592 651 2632; x_wconf 73' lang='lat'><strong>24,</strong></span> <span class='ocrx_word' id='word_1_378' title='bbox 670 2592 700 2632; x_wconf 88' lang='lat'><strong>5,</strong></span> <span class='ocrx_word' id='word_1_379' title='bbox 716 2592 754 2632; x_wconf 83' lang='lat'><strong>33</strong></span> 
     </span>
    </p>
   </div>
   <div class='ocr_carea' id='block_1_7' title="bbox 825 1374 1501 2634">
    <p class='ocr_par' dir='ltr' id='par_1_7' title="bbox 829 1374 1199 1414">
     <span class='ocr_line' id='line_1_53' title="bbox 829 1374 1199 1414; baseline 0 -8"><span class='ocrx_word' id='word_1_380' title='bbox 829 1376 872 1407; x_wconf 91' lang='lat' dir='ltr'><strong>ib.</strong></span> <span class='ocrx_word' id='word_1_381' title='bbox 891 1375 921 1414; x_wconf 85' lang='lat'><strong>9,</strong></span> <span class='ocrx_word' id='word_1_382' title='bbox 945 1375 1004 1406; x_wconf 91' lang='lat'><strong>10·</strong></span> <span class='ocrx_word' id='word_1_383' title='bbox 998 1399 1005 1413; x_wconf 78' lang='grc'><strong>,</strong></span> <span class='ocrx_word' id='word_1_384' title='bbox 1026 1375 1078 1414; x_wconf 86' lang='grc'><strong>26,</strong></span> <span class='ocrx_word' id='word_1_385' title='bbox 1098 1374 1149 1413; x_wconf 88' lang='grc'><strong>30,</strong></span> <span class='ocrx_word' id='word_1_386' title='bbox 1169 1375 1199 1406; x_wconf 85' lang='grc'><strong>9.</strong></span> 
     </span>
    </p>

    <p class='ocr_par' dir='ltr' id='par_1_8' title="bbox 829 1419 1501 1954">
     <span class='ocr_line' id='line_1_54' title="bbox 875 1419 1497 1459; baseline -0.002 -8"><span class='ocrx_word' id='word_1_387' title='bbox 875 1420 962 1451; x_wconf 85' lang='grc'>5-6.</span> <span class='ocrx_word' id='word_1_388' title='bbox 990 1422 1166 1459; x_wconf 75' lang='lat' dir='ltr'><strong>iuvenum,</strong></span> <span class='ocrx_word' id='word_1_389' title='bbox 1194 1420 1246 1451; x_wconf 89' lang='lat' dir='ltr'><strong>die</strong></span> <span class='ocrx_word' id='word_1_390' title='bbox 1270 1419 1428 1451; x_wconf 85' lang='lat' dir='ltr'><strong>iuniores.</strong></span> <span class='ocrx_word' id='word_1_391' title='bbox 1453 1437 1497 1442; x_wconf 77' lang='lat'>—</span> 
     </span>
     <span class='ocr_line' id='line_1_55' title="bbox 829 1465 1496 1506; baseline -0.003 -9"><span class='ocrx_word' id='word_1_392' title='bbox 829 1465 1032 1503; x_wconf 74' lang='lat' dir='ltr'><strong>commodis,</strong></span> <span class='ocrx_word' id='word_1_393' title='bbox 1063 1466 1094 1505; x_wconf 83' lang='lat'><strong>4,</strong></span> <span class='ocrx_word' id='word_1_394' title='bbox 1120 1465 1179 1503; x_wconf 80' lang='lat'><strong>58,</strong></span> <span class='ocrx_word' id='word_1_395' title='bbox 1202 1465 1253 1497; x_wconf 87' lang='grc'><strong>12.</strong></span> <span class='ocrx_word' id='word_1_396' title='bbox 1276 1483 1319 1487; x_wconf 86' lang='lat'><strong>—-</strong></span> <span class='ocrx_word' id='word_1_397' title='bbox 1345 1466 1496 1506; x_wconf 72' lang='lat' dir='ltr'><strong>egregiis</strong></span> 
     </span>
     <span class='ocr_line' id='line_1_56' title="bbox 830 1510 1496 1551; baseline -0.003 -9"><span class='ocrx_word' id='word_1_398' title='bbox 830 1516 912 1549; x_wconf 60' lang='lat' dir='ltr'><strong>ete,</strong></span> <span class='ocrx_word' id='word_1_399' title='bbox 933 1510 1009 1551; x_wconf 81' lang='lat' dir='ltr'><strong>Veji</strong></span> <span class='ocrx_word' id='word_1_400' title='bbox 1028 1512 1117 1541; x_wconf 80' lang='lat' dir='ltr'><strong>hatte</strong></span> <span class='ocrx_word' id='word_1_401' title='bbox 1137 1511 1199 1541; x_wconf 83' lang='lat' dir='ltr'><strong>wie</strong></span> <span class='ocrx_word' id='word_1_402' title='bbox 1218 1511 1424 1550; x_wconf 78' lang='lat' dir='ltr'><strong>gewb&#39;hnlicli</strong></span> <span class='ocrx_word' id='word_1_403' title='bbox 1445 1510 1496 1541; x_wconf 89' lang='lat' dir='ltr'><strong>die</strong></span> 
     </span>
     <span class='ocr_line' id='line_1_57' title="bbox 830 1553 1501 1595; baseline -0.003 -8"><span class='ocrx_word' id='word_1_404' title='bbox 830 1555 1063 1587; x_wconf 87' lang='lat' dir='ltr'><strong>etruskischen</strong></span> <span class='ocrx_word' id='word_1_405' title='bbox 1082 1555 1216 1595; x_wconf 73' lang='lat' dir='ltr'><strong>St&#39;zidte,</strong></span> <span class='ocrx_word' id='word_1_406' title='bbox 1239 1556 1313 1586; x_wconf 77' lang='lat' dir='ltr'><strong>eine</strong></span> <span class='ocrx_word' id='word_1_407' title='bbox 1332 1555 1419 1595; x_wconf 87' lang='lat' dir='ltr'><strong>Burg</strong></span> <span class='ocrx_word' id='word_1_408' title='bbox 1442 1553 1501 1585; x_wconf 87' lang='lat' dir='ltr'><strong>auf</strong></span> 
     </span>
     <span class='ocr_line' id='line_1_58' title="bbox 830 1600 1496 1641; baseline -0.002 -9"><span class='ocrx_word' id='word_1_409' title='bbox 830 1601 936 1632; x_wconf 77' lang='grc'>61116111</span> <span class='ocrx_word' id='word_1_410' title='bbox 959 1601 1079 1632; x_wconf 83' lang='lat' dir='ltr'><strong>steilen</strong></span> <span class='ocrx_word' id='word_1_411' title='bbox 1105 1600 1245 1639; x_wconf 86' lang='lat' dir='ltr'><strong>Felsen,</strong></span> <span class='ocrx_word' id='word_1_412' title='bbox 1270 1600 1359 1641; x_wconf 86' lang='lat' dir='ltr'><strong>jetzt</strong></span> <span class='ocrx_word' id='word_1_413' title='bbox 1376 1600 1496 1631; x_wconf 83' lang='lat' dir='ltr'><strong>Piazza</strong></span> 
     </span>
     <span class='ocr_line' id='line_1_59' title="bbox 829 1643 1496 1687; baseline -0.003 -10"><span class='ocrx_word' id='word_1_414' title='bbox 829 1644 970 1687; x_wconf 77' lang='lat' dir='ltr'><strong>d’Armi,</strong></span> <span class='ocrx_word' id='word_1_415' title='bbox 994 1646 1059 1677; x_wconf 88' lang='lat' dir='ltr'><strong>und</strong></span> <span class='ocrx_word' id='word_1_416' title='bbox 1083 1646 1137 1685; x_wconf 82' lang='lat' dir='ltr'><strong>lag</strong></span> <span class='ocrx_word' id='word_1_417' title='bbox 1159 1643 1217 1676; x_wconf 82' lang='lat' dir='ltr'><strong>auf</strong></span> <span class='ocrx_word' id='word_1_418' title='bbox 1232 1646 1324 1676; x_wconf 85' lang='lat' dir='ltr'><strong>einer</strong></span> <span class='ocrx_word' id='word_1_419' title='bbox 1342 1655 1405 1676; x_wconf 80' lang='lat' dir='ltr'><strong>von</strong></span> <span class='ocrx_word' id='word_1_420' title='bbox 1425 1646 1496 1676; x_wconf 83' lang='lat' dir='ltr'><strong>die-</strong></span> 
     </span>
     <span class='ocr_line' id='line_1_60' title="bbox 830 1689 1495 1730; baseline -0.005 -7"><span class='ocrx_word' id='word_1_421' title='bbox 830 1702 898 1723; x_wconf 86' lang='lat' dir='ltr'><strong>sem</strong></span> <span class='ocrx_word' id='word_1_422' title='bbox 924 1692 1026 1722; x_wconf 80' lang='lat' dir='ltr'><strong>durch</strong></span> <span class='ocrx_word' id='word_1_423' title='bbox 1045 1691 1096 1721; x_wconf 89' lang='lat' dir='ltr'><strong>ein</strong></span> <span class='ocrx_word' id='word_1_424' title='bbox 1116 1701 1216 1730; x_wconf 82' lang='lat' dir='ltr'><strong>enges</strong></span> <span class='ocrx_word' id='word_1_425' title='bbox 1235 1689 1318 1721; x_wconf 79' lang='lat' dir='ltr'><strong>Thal</strong></span> <span class='ocrx_word' id='word_1_426' title='bbox 1336 1695 1495 1730; x_wconf 84' lang='lat' dir='ltr'><strong>getrenn-</strong></span> 
     </span>
     <span class='ocr_line' id='line_1_61' title="bbox 829 1736 1494 1775; baseline -0.002 -8"><span class='ocrx_word' id='word_1_427' title='bbox 829 1741 884 1767; x_wconf 87' lang='lat' dir='ltr'><strong>teu</strong></span> <span class='ocrx_word' id='word_1_428' title='bbox 903 1737 1033 1767; x_wconf 82' lang='lat' dir='ltr'><strong>schwer</strong></span> <span class='ocrx_word' id='word_1_429' title='bbox 1047 1747 1087 1766; x_wconf 93' lang='lat' dir='ltr'><strong>zu</strong></span> <span class='ocrx_word' id='word_1_430' title='bbox 1102 1736 1334 1775; x_wconf 83' lang='lat' dir='ltr'><strong>ersteigenden</strong></span> <span class='ocrx_word' id='word_1_431' title='bbox 1350 1736 1494 1766; x_wconf 75' lang='lat' dir='ltr'><strong>Anhb‘he.</strong></span> 
     </span>
     <span class='ocr_line' id='line_1_62' title="bbox 830 1780 1496 1812; baseline -0.003 0"><span class='ocrx_word' id='word_1_432' title='bbox 830 1781 890 1812; x_wconf 92' lang='lat' dir='ltr'><strong>Die</strong></span> <span class='ocrx_word' id='word_1_433' title='bbox 905 1780 1000 1812; x_wconf 87' lang='lat' dir='ltr'><strong>Tiefe</strong></span> <span class='ocrx_word' id='word_1_434' title='bbox 1019 1780 1147 1812; x_wconf 82' lang='lat' dir='ltr'><strong>sowohl</strong></span> <span class='ocrx_word' id='word_1_435' title='bbox 1164 1781 1213 1811; x_wconf 77' lang='lat' dir='ltr'><strong>uls</strong></span> <span class='ocrx_word' id='word_1_436' title='bbox 1231 1781 1282 1810; x_wconf 84' lang='lat' dir='ltr'><strong>die</strong></span> <span class='ocrx_word' id='word_1_437' title='bbox 1298 1780 1412 1811; x_wconf 76' lang='lat' dir='ltr'><strong>Ho&#39;hen</strong></span> <span class='ocrx_word' id='word_1_438' title='bbox 1428 1790 1496 1810; x_wconf 83' lang='lat' dir='ltr'><strong>wu-</strong></span> 
     </span>
     <span class='ocr_line' id='line_1_63' title="bbox 830 1824 1498 1865; baseline -0.001 -8"><span class='ocrx_word' id='word_1_439' title='bbox 830 1837 888 1857; x_wconf 86' lang='lat' dir='ltr'><strong>ren</strong></span> <span class='ocrx_word' id='word_1_440' title='bbox 909 1826 1002 1856; x_wconf 82' lang='lat' dir='ltr'><strong>stark</strong></span> <span class='ocrx_word' id='word_1_441' title='bbox 1020 1824 1188 1865; x_wconf 82' lang='lat' dir='ltr'><strong>befestigt.</strong></span> <span class='ocrx_word' id='word_1_442' title='bbox 1204 1828 1410 1856; x_wconf 71' lang='lat' dir='ltr'><strong>—tutantes</strong></span> <span class='ocrx_word' id='word_1_443' title='bbox 1428 1825 1498 1864; x_wconf 82' lang='lat' dir='ltr'><strong>legt</strong></span> 
     </span>
     <span class='ocr_line' id='line_1_64' title="bbox 830 1870 1497 1910; baseline -0.001 -8"><span class='ocrx_word' id='word_1_444' title='bbox 830 1872 892 1902; x_wconf 90' lang='lat' dir='ltr'><strong>den</strong></span> <span class='ocrx_word' id='word_1_445' title='bbox 913 1871 1058 1910; x_wconf 82' lang='lat' dir='ltr'><strong>Biirgern</strong></span> <span class='ocrx_word' id='word_1_446' title='bbox 1077 1871 1139 1910; x_wconf 84' lang='lat' dir='ltr'><strong>bei,</strong></span> <span class='ocrx_word' id='word_1_447' title='bbox 1159 1880 1227 1901; x_wconf 78' lang='lat' dir='ltr'><strong>was</strong></span> <span class='ocrx_word' id='word_1_448' title='bbox 1247 1870 1422 1910; x_wconf 79' lang='lat' dir='ltr'><strong>cigentlich</strong></span> <span class='ocrx_word' id='word_1_449' title='bbox 1438 1870 1497 1901; x_wconf 85' lang='lat' dir='ltr'><strong>der</strong></span> 
     </span>
     <span class='ocr_line' id='line_1_65' title="bbox 829 1916 1066 1954; baseline -0.004 -7"><span class='ocrx_word' id='word_1_450' title='bbox 829 1916 919 1954; x_wconf 76' lang='lat' dir='ltr'><strong>Lage</strong></span> <span class='ocrx_word' id='word_1_451' title='bbox 938 1916 1066 1946; x_wconf 84' lang='lat' dir='ltr'><strong>zukam.</strong></span> 
     </span>
    </p>

    <p class='ocr_par' dir='ltr' id='par_1_9' title="bbox 825 1959 1498 2634">
     <span class='ocr_line' id='line_1_66' title="bbox 877 1959 1496 2000; baseline -0.003 -8"><span class='ocrx_word' id='word_1_452' title='bbox 877 1961 907 1993; x_wconf 84' lang='lat'><strong>8.</strong></span> <span class='ocrx_word' id='word_1_453' title='bbox 934 1962 1136 1998; x_wconf 54' lang='lat' dir='ltr'><strong>hoc-serta,</strong></span> <span class='ocrx_word' id='word_1_454' title='bbox 1160 1971 1185 1992; x_wconf 85' lang='lat' dir='ltr'><strong>s.</strong></span> <span class='ocrx_word' id='word_1_455' title='bbox 1204 1960 1235 1999; x_wconf 88' lang='lat'><strong>3,</strong></span> <span class='ocrx_word' id='word_1_456' title='bbox 1255 1959 1309 2000; x_wconf 81' lang='grc'><strong>25,</strong></span> <span class='ocrx_word' id='word_1_457' title='bbox 1327 1960 1358 1991; x_wconf 89' lang='grc'><strong>4.</strong></span> <span class='ocrx_word' id='word_1_458' title='bbox 1377 1978 1421 1982; x_wconf 86' lang='lat'><strong>—</strong></span> <span class='ocrx_word' id='word_1_459' title='bbox 1438 1970 1496 1991; x_wconf 76' lang='lat' dir='ltr'><strong>su-</strong></span> 
     </span>
     <span class='ocr_line' id='line_1_67' title="bbox 825 2005 1495 2049; baseline -0.004 -11"><span class='ocrx_word' id='word_1_460' title='bbox 825 2008 938 2049; x_wconf 58' lang='lat' dir='ltr'><strong>perb„</strong></span> <span class='ocrx_word' id='word_1_461' title='bbox 969 2017 994 2037; x_wconf 84' lang='lat' dir='ltr'><strong>s.</strong></span> <span class='ocrx_word' id='word_1_462' title='bbox 1021 2006 1050 2046; x_wconf 85' lang='lat'><strong>3,</strong></span> <span class='ocrx_word' id='word_1_463' title='bbox 1069 2006 1097 2047; x_wconf 86' lang='lat'><strong>9,</strong></span> <span class='ocrx_word' id='word_1_464' title='bbox 1117 2006 1149 2036; x_wconf 74' lang='lat'><strong>4.</strong></span> <span class='ocrx_word' id='word_1_465' title='bbox 1174 2023 1218 2028; x_wconf 83' lang='lat'><strong>—</strong></span> <span class='ocrx_word' id='word_1_466' title='bbox 1242 2008 1282 2036; x_wconf 79' lang='lat' dir='ltr'><strong>ut</strong></span> <span class='ocrx_word' id='word_1_467' title='bbox 1294 2005 1495 2045; x_wconf 70' lang='lat' dir='ltr'><strong>—sacere7zi,</strong></span> 
     </span>
     <span class='ocr_line' id='line_1_68' title="bbox 828 2050 1496 2093; baseline -0.003 -11"><span class='ocrx_word' id='word_1_468' title='bbox 828 2051 1026 2093; x_wconf 62' lang='lat' dir='ltr'><strong>Epexegese</strong></span> <span class='ocrx_word' id='word_1_469' title='bbox 1057 2062 1097 2082; x_wconf 88' lang='lat' dir='ltr'><strong>zu</strong></span> <span class='ocrx_word' id='word_1_470' title='bbox 1121 2051 1180 2082; x_wconf 79' lang='lat' dir='ltr'><strong>lzoc</strong></span> <span class='ocrx_word' id='word_1_471' title='bbox 1203 2052 1389 2082; x_wconf 72' lang='lat' dir='ltr'><strong>servitutis.</strong></span> <span class='ocrx_word' id='word_1_472' title='bbox 1430 2050 1496 2080; x_wconf 87' lang='lat' dir='ltr'><strong>Der</strong></span> 
     </span>
     <span class='ocr_line' id='line_1_69' title="bbox 828 2096 1498 2136; baseline -0.003 -9"><span class='ocrx_word' id='word_1_473' title='bbox 828 2096 905 2136; x_wconf 77' lang='lat' dir='ltr'><strong>folg.</strong></span> <span class='ocrx_word' id='word_1_474' title='bbox 926 2096 1133 2127; x_wconf 79' lang='lat' dir='ltr'><strong>Relativsatz</strong></span> <span class='ocrx_word' id='word_1_475' title='bbox 1153 2096 1251 2126; x_wconf 70' lang='lat' dir='ltr'><strong>sollte</strong></span> <span class='ocrx_word' id='word_1_476' title='bbox 1270 2096 1330 2126; x_wconf 82' lang='lat' dir='ltr'><strong>lzoc</strong></span> <span class='ocrx_word' id='word_1_477' title='bbox 1344 2100 1498 2136; x_wconf 67' lang='grc'>611151116-</span> 
     </span>
     <span class='ocr_line' id='line_1_70' title="bbox 829 2140 1496 2183; baseline -0.004 -10"><span class='ocrx_word' id='word_1_478' title='bbox 829 2142 931 2173; x_wconf 86' lang='lat' dir='ltr'><strong>cheud</strong></span> <span class='ocrx_word' id='word_1_479' title='bbox 956 2146 1042 2172; x_wconf 77' lang='lat' dir='ltr'><strong>etwa</strong></span> <span class='ocrx_word' id='word_1_480' title='bbox 1060 2142 1190 2172; x_wconf 86' lang='lat' dir='ltr'><strong>heissen</strong></span> <span class='ocrx_word' id='word_1_481' title='bbox 1211 2140 1330 2182; x_wconf 78' lang='lat' dir='ltr'><strong>quod—</strong></span> <span class='ocrx_word' id='word_1_482' title='bbox 1345 2142 1496 2183; x_wconf 74' lang='lat' dir='ltr'><strong>impone-</strong></span> 
     </span>
     <span class='ocr_line' id='line_1_71' title="bbox 828 2185 1495 2225; baseline -0.004 -7"><span class='ocrx_word' id='word_1_483' title='bbox 828 2190 914 2225; x_wconf 74' lang='lat' dir='ltr'><strong>rent,</strong></span> <span class='ocrx_word' id='word_1_484' title='bbox 932 2187 1060 2217; x_wconf 71' lang='lat' dir='ltr'><strong>scheint</strong></span> <span class='ocrx_word' id='word_1_485' title='bbox 1083 2187 1150 2217; x_wconf 78' lang='lat' dir='ltr'><strong>sicli</strong></span> <span class='ocrx_word' id='word_1_486' title='bbox 1169 2186 1249 2217; x_wconf 79' lang='lat' dir='ltr'><strong>uber</strong></span> <span class='ocrx_word' id='word_1_487' title='bbox 1266 2196 1367 2225; x_wconf 81' lang='lat' dir='ltr'><strong>enger·</strong></span> <span class='ocrx_word' id='word_1_488' title='bbox 1384 2196 1423 2216; x_wconf 83' lang='lat' dir='ltr'><strong>an</strong></span> <span class='ocrx_word' id='word_1_489' title='bbox 1444 2185 1495 2215; x_wconf 84' lang='lat' dir='ltr'><strong>die</strong></span> 
     </span>
     <span class='ocr_line' id='line_1_72' title="bbox 828 2232 1494 2271; baseline -0.006 -8"><span class='ocrx_word' id='word_1_490' title='bbox 828 2232 953 2263; x_wconf 84' lang='lat' dir='ltr'><strong>letzten</strong></span> <span class='ocrx_word' id='word_1_491' title='bbox 977 2232 1098 2263; x_wconf 62' lang='lat' dir='ltr'><strong>Vl&#39;orte</strong></span> <span class='ocrx_word' id='word_1_492' title='bbox 1130 2232 1367 2271; x_wconf 66' lang='lat' dir='ltr'><strong>att—facerent</strong></span> <span class='ocrx_word' id='word_1_493' title='bbox 1394 2240 1494 2268; x_wconf 76' lang='lat' dir='ltr'><strong>ange-</strong></span> 
     </span>
     <span class='ocr_line' id='line_1_73' title="bbox 830 2275 1495 2315; baseline -0.006 -7"><span class='ocrx_word' id='word_1_494' title='bbox 830 2278 1002 2308; x_wconf 81' lang='lat' dir='ltr'><strong>scblossen</strong></span> <span class='ocrx_word' id='word_1_495' title='bbox 1022 2288 1062 2307; x_wconf 90' lang='lat' dir='ltr'><strong>zu</strong></span> <span class='ocrx_word' id='word_1_496' title='bbox 1077 2277 1178 2307; x_wconf 83' lang='lat' dir='ltr'><strong>haben</strong></span> <span class='ocrx_word' id='word_1_497' title='bbox 1195 2276 1257 2305; x_wconf 85' lang='lat' dir='ltr'><strong>und</strong></span> <span class='ocrx_word' id='word_1_498' title='bbox 1274 2275 1362 2315; x_wconf 80' lang='lat' dir='ltr'><strong>quod</strong></span> <span class='ocrx_word' id='word_1_499' title='bbox 1379 2285 1418 2304; x_wconf 85' lang='lat' dir='ltr'><strong>zu</strong></span> <span class='ocrx_word' id='word_1_500' title='bbox 1438 2275 1495 2304; x_wconf 84' lang='lat' dir='ltr'><strong>be-</strong></span> 
     </span>
     <span class='ocr_line' id='line_1_74' title="bbox 830 2321 1496 2363; baseline -0.006 -10"><span class='ocrx_word' id='word_1_501' title='bbox 830 2323 950 2353; x_wconf 83' lang='lat' dir='ltr'><strong>deuten</strong></span> <span class='ocrx_word' id='word_1_502' title='bbox 966 2333 1030 2363; x_wconf 76' lang='lat' dir='ltr'><strong>qua</strong></span> <span class='ocrx_word' id='word_1_503' title='bbox 1043 2324 1075 2352; x_wconf 78' lang='grc' dir='ltr'><em>ιή</em></span> <span class='ocrx_word' id='word_1_504' title='bbox 1091 2332 1138 2360; x_wconf 78' lang='lat' dir='ltr'><strong>re,</strong></span> <span class='ocrx_word' id='word_1_505' title='bbox 1154 2322 1254 2351; x_wconf 74' lang='lat' dir='ltr'><strong>‹lurcli</strong></span> <span class='ocrx_word' id='word_1_506' title='bbox 1270 2321 1320 2349; x_wconf 82' lang='lat' dir='ltr'><strong>die</strong></span> <span class='ocrx_word' id='word_1_507' title='bbox 1335 2324 1496 2350; x_wconf 82' lang='lat' dir='ltr'><strong>ununtcr-</strong></span> 
     </span>
     <span class='ocr_line' id='line_1_75' title="bbox 830 2364 1495 2403; baseline -0.006 -5"><span class='ocrx_word' id='word_1_508' title='bbox 830 2367 994 2398; x_wconf 73' lang='lat' dir='ltr'><strong>brocheue</strong></span> <span class='ocrx_word' id='word_1_509' title='bbox 1013 2368 1123 2397; x_wconf 78' lang='lat' dir='ltr'><strong>Dauer</strong></span> <span class='ocrx_word' id='word_1_510' title='bbox 1140 2367 1197 2396; x_wconf 78' lang='lat' dir='ltr'><strong>(les</strong></span> <span class='ocrx_word' id='word_1_511' title='bbox 1214 2364 1495 2403; x_wconf 69' lang='lat' dir='ltr'><strong>Hriegsdienstes,</strong></span> 
     </span>
     <span class='ocr_line' id='line_1_76' title="bbox 829 2409 1496 2449; baseline -0.006 -6"><span class='ocrx_word' id='word_1_512' title='bbox 829 2422 890 2443; x_wconf 85' lang='lat' dir='ltr'><strong>von</strong></span> <span class='ocrx_word' id='word_1_513' title='bbox 912 2413 970 2443; x_wconf 71' lang='lat' dir='ltr'><strong>dei·</strong></span> <span class='ocrx_word' id='word_1_514' title='bbox 987 2412 1085 2443; x_wconf 72' lang='lat' dir='ltr'><strong>alteia</strong></span> <span class='ocrx_word' id='word_1_515' title='bbox 1105 2412 1155 2441; x_wconf 74' lang='lat' dir='ltr'><strong>«lie</strong></span> <span class='ocrx_word' id='word_1_516' title='bbox 1173 2410 1259 2440; x_wconf 75' lang='lat' dir='ltr'><strong>Rede</strong></span> <span class='ocrx_word' id='word_1_517' title='bbox 1280 2410 1331 2439; x_wconf 80' lang='lat' dir='ltr'><strong>ist.</strong></span> <span class='ocrx_word' id='word_1_518' title='bbox 1364 2409 1496 2449; x_wconf 71' lang='lat' dir='ltr'><strong>Madvig</strong></span> 
     </span>
     <span class='ocr_line' id='line_1_77' title="bbox 830 2454 1495 2499; baseline -0.005 -11"><span class='ocrx_word' id='word_1_519' title='bbox 830 2457 1250 2499; x_wconf 67' lang='lat' dir='ltr'><strong>interpuugirt:facerent.</strong></span> <span class='ocrx_word' id='word_1_520' title='bbox 1270 2454 1385 2495; x_wconf 61' lang='grc' dir='ltr'>(1111ιᾶ-</span> <span class='ocrx_word' id='word_1_521' title='bbox 1395 2465 1495 2485; x_wconf 59' lang='grc' dir='ltr'><strong>αῖον·</strong></span> 
     </span>
     <span class='ocr_line' id='line_1_78' title="bbox 828 2500 1494 2534; baseline -0.008 0"><span class='ocrx_word' id='word_1_522' title='bbox 828 2504 964 2534; x_wconf 67' lang='lat' dir='ltr'><strong>cerem?</strong></span> <span class='ocrx_word' id='word_1_523' title='bbox 997 2503 1076 2533; x_wconf 73' lang='lat' dir='ltr'><strong>doch</strong></span> <span class='ocrx_word' id='word_1_524' title='bbox 1113 2500 1226 2530; x_wconf 84' lang='lat' dir='ltr'><strong>wiirde</strong></span> <span class='ocrx_word' id='word_1_525' title='bbox 1260 2510 1330 2530; x_wconf 78' lang='lat' dir='ltr'><strong>man</strong></span> <span class='ocrx_word' id='word_1_526' title='bbox 1363 2500 1400 2529; x_wconf 79' lang='lat' dir='ltr'><strong>dn</strong></span> <span class='ocrx_word' id='word_1_527' title='bbox 1432 2509 1494 2529; x_wconf 81' lang='lat' dir='ltr'><strong>nur</strong></span> 
     </span>
     <span class='ocr_line' id='line_1_79' title="bbox 828 2543 1493 2589; baseline -0.008 -10"><span class='ocrx_word' id='word_1_528' title='bbox 828 2558 989 2589; x_wconf 70' lang='lat' dir='ltr'><strong>regnum,</strong></span> <span class='ocrx_word' id='word_1_529' title='bbox 1016 2557 1041 2577; x_wconf 88' lang='lat' dir='ltr'><strong>s.</strong></span> <span class='ocrx_word' id='word_1_530' title='bbox 1062 2545 1098 2585; x_wconf 87' lang='lat'><strong>3,</strong></span> <span class='ocrx_word' id='word_1_531' title='bbox 1118 2545 1172 2584; x_wconf 64' lang='lat'><strong>38,</strong></span> <span class='ocrx_word' id='word_1_532' title='bbox 1194 2545 1228 2582; x_wconf 81' lang='lat'><strong>13</strong></span> <span class='ocrx_word' id='word_1_533' title='bbox 1253 2544 1306 2583; x_wconf 69' lang='lat'><strong>39,</strong></span> <span class='ocrx_word' id='word_1_534' title='bbox 1325 2544 1365 2583; x_wconf 72' lang='lat'><strong>43</strong></span> <span class='ocrx_word' id='word_1_535' title='bbox 1391 2544 1421 2584; x_wconf 86' lang='lat'><strong>7,</strong></span> <span class='ocrx_word' id='word_1_536' title='bbox 1441 2543 1493 2579; x_wconf 78' lang='lat'><strong>39,</strong></span> 
     </span>
     <span class='ocr_line' id='line_1_80' title="bbox 829 2591 1312 2634; baseline -0.008 -11"><span class='ocrx_word' id='word_1_537' title='bbox 829 2593 858 2634; x_wconf 85' lang='grc'><strong>5,</strong></span> <span class='ocrx_word' id='word_1_538' title='bbox 878 2593 967 2623; x_wconf 83' lang='lat' dir='ltr'><strong>nicht</strong></span> <span class='ocrx_word' id='word_1_539' title='bbox 984 2591 1073 2633; x_wconf 80' lang='lat' dir='ltr'><strong>quod</strong></span> <span class='ocrx_word' id='word_1_540' title='bbox 1088 2601 1114 2622; x_wconf 63' lang='grc' dir='ltr'><strong>γ’.</strong></span> <span class='ocrx_word' id='word_1_541' title='bbox 1135 2594 1312 2621; x_wconf 78' lang='lat' dir='ltr'><strong>erwarten.</strong></span> 
     </span>
    </p>
   </div>
  </div>
 </body>
</html>
