1698 2864
648 795 684 846 T
707 795 734 847 Ι
757 796 793 846 Τ
816 795 843 846 Ι
899 796 934 846 L
957 796 984 846 I
1006 794 1048 846 V
1071 795 1098 846 I

326 895 387 935 AB
410 895 542 935 URBE
574 896 789 937 CONDITA
818 897 1077 937 LIBRORUM
1106 895 1398 936 PERIOCHAE.

740 1056 810 1089 EX
834 1055 924 1089 LIB.
951 1056 1004 1089 111.

256 1112 444 1144 Seditiones
468 1112 507 1143 de
531 1112 674 1151 agrariis
697 1112 826 1152 legibus
850 1112 955 1145 fuere.
990 1112 1186 1155 Capitolium
1206 1113 1247 1144 ab
1271 1112 1424 1155 exulibus
1447 1117 1482 1144 et
1498 1122 1573 1144 ser-

166 1157 216 1188 vis
242 1161 435 1199 occupatum
453 1157 562 1188 caesis
580 1157 629 1187 his
647 1162 815 1198 receptum
833 1162 897 1189 est.
930 1167 1050 1189 census
1068 1158 1119 1189 bis
1135 1162 1230 1189 actus
1249 1162 1317 1189 est:
1335 1158 1446 1199 priore
1464 1157 1572 1188 lustro

166 1211 266 1233 censa
289 1206 366 1233 sunt
389 1201 511 1232 civium
529 1201 638 1242 capita
655 1200 729 1232 VIII
747 1202 835 1233 milia
854 1201 1030 1233 DCCXIIII
1048 1207 1183 1244 praeter
1201 1202 1299 1233 orbos
1318 1202 1497 1243 orbasque,
1521 1211 1575 1232 se-

166 1246 278 1288 quenti
308 1245 429 1277 CXVII
463 1246 552 1277 milia
581 1244 769 1278 CCXvnH.
815 1256 887 1278 cum
919 1247 1082 1278 adversus
1115 1246 1249 1289 Aequos
1280 1246 1364 1278 male
1394 1250 1489 1287 gesta
1518 1257 1574 1278 res

165 1295 275 1330 esset,
308 1290 344 1321 L.
372 1289 525 1331 Quintius
552 1289 765 1322 Cincinnatus
790 1291 934 1322 dictator
957 1289 1082 1331 factus,
1114 1301 1186 1323 cum
1211 1301 1290 1323 rure
1308 1291 1455 1323 intentus
1481 1292 1575 1333 operi

164 1336 290 1367 rustico
314 1340 423 1375 esset,
446 1336 487 1366 ad
510 1336 541 1366 id
565 1335 687 1366 bellum
710 1336 890 1375 gerendum
913 1337 1096 1368 arcessitus
1114 1341 1176 1368 est.
1211 1337 1240 1367 is
1257 1337 1364 1368 victos
1382 1337 1494 1367 hostes
1513 1336 1573 1367 sub

165 1381 275 1420 iugum
298 1380 398 1411 misit.
432 1380 638 1411 tribunorum
662 1381 768 1422 plebis
792 1391 948 1412 numerus
971 1382 1147 1423 ampliatus
1171 1385 1239 1421 est,
1264 1386 1301 1413 ut
1318 1385 1432 1413 essent
1450 1381 1573 1421 decem,

165 1425 334 1456 tricesimo
353 1429 450 1456 sexto
475 1435 559 1456 anno
583 1435 604 1456 a
626 1426 740 1467 primis
758 1425 899 1457 tribunis
918 1426 1035 1468 plebis.
1060 1426 1174 1468 petitis
1190 1436 1249 1467 per
1262 1426 1391 1466 legatos
1405 1430 1439 1457 et
1451 1426 1573 1457 adlatis

164 1470 286 1501 Atticis
318 1469 445 1509 legibus
470 1470 510 1501 ad
535 1470 783 1501 constituendas
807 1480 864 1502 eas
888 1472 1183 1513 proponendasque
1206 1471 1386 1502 decemviri
1410 1481 1468 1512 pro
1492 1481 1571 1502 con-

165 1514 291 1546 sulibus
321 1515 392 1545 sine
422 1514 499 1545 ullis
528 1515 604 1545 aliis
634 1515 884 1554 magistratibus
913 1516 1017 1547 creati
1039 1516 1146 1547 altero
1171 1520 1205 1547 et
1227 1515 1462 1547 trecentesimo
1485 1525 1570 1547 anno

164 1569 258 1600 quam
280 1558 382 1590 Roma
405 1559 536 1590 condita
558 1563 650 1599 erat,
675 1564 709 1590 et
726 1564 763 1591 ut
779 1570 799 1591 a
821 1560 954 1600 regibus
979 1560 1024 1592 ad
1040 1560 1203 1600 consules,
1222 1561 1268 1592 ita
1285 1570 1304 1591 a
1322 1560 1512 1592 consulibus
1529 1561 1571 1592 ad

163 1604 369 1635 decemviros
394 1604 566 1646 imperium
583 1604 792 1636 translatum.
825 1605 856 1636 hi
874 1605 985 1636 decem
1004 1605 1125 1636 tabulis
1144 1605 1252 1646 legum
1269 1605 1388 1647 positis
1412 1615 1483 1636 cum
1499 1615 1570 1636 mo-

163 1649 256 1680 deste
280 1658 316 1679 se
339 1649 370 1679 in
396 1659 433 1680 eo
459 1649 582 1680 bonore
600 1649 803 1689 gessissent,
828 1654 861 1681 et
879 1650 919 1680 ob
938 1651 970 1681 id
989 1651 1019 1681 in
1037 1650 1178 1681 alterum
1202 1660 1329 1692 quoque
1347 1660 1466 1681 annum
1490 1661 1570 1682 eun-

163 1693 234 1724 dem
259 1703 335 1724 esse
358 1694 589 1733 magistratum
612 1693 814 1735 placuisset,
839 1694 972 1727 duabus
996 1695 1118 1727 tabulis
1141 1695 1181 1726 ad
1206 1696 1318 1726 decem
1342 1695 1481 1726 adiectis
1498 1705 1570 1726 cum

164 1738 332 1779 complura
350 1738 541 1780 inpotenter
557 1736 732 1779 fecissent,
755 1740 984 1779 magistratum
1004 1740 1181 1771 noluerunt
1197 1740 1380 1781 deponere,
1399 1744 1433 1771 et
1449 1740 1481 1771 in
1500 1744 1570 1771 ter-

162 1783 243 1814 tium
260 1792 379 1814 annum
397 1783 623 1823 retinuerunt,
647 1784 751 1814 donec
773 1784 880 1815 inviso
906 1795 1019 1816 eorum
1044 1785 1183 1826 imperio
1208 1784 1304 1816 finem
1328 1784 1446 1816 adtulit
1469 1784 1569 1816 libido

161 1827 221 1869 Ap.
237 1826 376 1859 Claudii.
407 1828 460 1869 qui
475 1838 545 1859 cum
560 1828 591 1859 in
609 1838 753 1859 amorem
767 1828 938 1869 Virginiae
956 1829 1094 1870 virginis
1112 1829 1296 1868 incidisset,
1315 1830 1499 1871 summisso,
1516 1830 1570 1871 qui

164 1882 234 1903 eam
253 1873 284 1903 in
303 1873 499 1905 servitutem
518 1877 660 1915 peteret,
679 1874 911 1905 necessitatem
925 1875 1011 1916 patri
1025 1875 1095 1905 eius
1110 1873 1269 1914 Verginio
1283 1874 1439 1916 inposuit.
1463 1874 1570 1916 Rapto

161 1927 204 1948 ex
228 1917 365 1948 taberna
388 1918 537 1959 proxima
561 1918 668 1949 cultro
694 1918 793 1949 filiam
812 1919 949 1958 occidit,
974 1929 1046 1950 cum
1063 1919 1162 1950 aliter
1179 1917 1266 1950 effici
1285 1929 1348 1950 non
1373 1923 1502 1960 posset,
1527 1928 1567 1949 ne

162 1961 193 1992 in
214 1966 415 2003 potestatem
434 1967 582 2004 stuprum
601 1963 738 1994 inlaturi
756 1964 896 1995 veniret.
931 1965 992 1995 hoc
1010 1969 1075 1995 tam
1091 1973 1228 2004 magnae
1245 1964 1398 1994 luxuriae
1417 1963 1567 2005 exemplo

161 2006 254 2048 plebs
279 2007 443 2038 concitata
472 2012 617 2039 montem
635 2008 834 2040 Aventinum
853 2009 1026 2050 occupavit
1044 2009 1219 2049 coegitque
1243 2008 1449 2039 decemviros
1478 2008 1570 2040 abdi-

162 2060 237 2081 care
256 2060 292 2081 se
309 2052 519 2091 magistratu.
552 2062 593 2083 ex
613 2052 731 2094 quibus
749 2053 890 2095 Appius,
914 2054 968 2095 qui
985 2052 1159 2094 praecipue
1177 2062 1314 2093 poenam
1332 2057 1515 2093 meruerat,
1534 2053 1566 2084 in

163 2104 331 2126 carcerem
355 2096 525 2127 coniectus
550 2101 621 2134 est3
646 2098 751 2128 ceteri
768 2098 799 2128 in
819 2098 955 2129 exilium
974 2101 1051 2128 sunt
1067 2097 1144 2128 acti.
1184 2107 1238 2128 res
1257 2101 1432 2138 praeterea
1449 2102 1567 2129 contra

161 2138 302 2171 Sabinos
331 2144 365 2170 et
389 2139 530 2171 Vulscos
560 2151 720 2182 prospere
749 2146 863 2181 gestas
895 2142 1044 2173 continet
1067 2146 1101 2173 et
1124 2151 1236 2183 parum
1260 2142 1432 2173 honestum
1454 2142 1566 2184 populi

160 2182 297 2215 Romani
322 2184 486 2225 iudicium,
512 2185 565 2226 qui
588 2185 686 2216 iudex
703 2186 790 2217 inter
807 2187 972 2218 Ardeates
991 2191 1025 2218 et
1041 2186 1195 2218 Aricinos
1215 2191 1363 2229 sumptus
1380 2197 1506 2228 agrum,
1523 2188 1563 2218 de

162 2238 225 2270 quo
243 2229 480 2270 ambigebatur,
498 2229 560 2260 sibi
577 2230 789 2262 adiudicavit.

729 2363 799 2395 EX
825 2363 911 2396 LIB.
939 2363 994 2398 IV.

252 2418 322 2451 Lex
352 2420 391 2450 de
417 2419 556 2451 conubio
580 2424 709 2462 patrum
731 2425 764 2452 et
787 2419 892 2462 plebis
920 2431 937 2452 a
961 2421 1102 2453 tribunis
1126 2422 1336 2454 contentione
1365 2432 1481 2463 magna
1503 2433 1562 2465 pa-

162 2464 268 2496 tribus
298 2464 557 2506 repugnantibus
585 2465 716 2506 perlata
745 2469 808 2496 est.
864 2465 1035 2497 tribuni**
1066 2466 1182 2509 plebis.
1229 2467 1353 2509 aliquot
1375 2477 1479 2499 annos
1504 2478 1560 2500 res

161 2509 273 2551 populi
290 2508 425 2540 Romani
448 2510 533 2541 domi
556 2510 757 2552 militiaeque
780 2519 840 2552 per
867 2510 928 2542 hoc
956 2521 1059 2551 genus
1077 2512 1290 2552 magistratus
1308 2512 1559 2544 administratae

163 2558 251 2585 sunt.
285 2554 361 2585 item
386 2564 543 2586 censores
562 2559 639 2586 tunc
655 2556 792 2597 primum
811 2556 915 2586 creati
938 2561 1026 2588 sunt.
1058 2566 1138 2596 ager
1154 2556 1353 2588 Ardeatibus
1377 2558 1487 2599 populi
1511 2558 1561 2589 iu-

163 2598 246 2629 dicio
269 2598 399 2630 ablatus
422 2600 530 2631 missis
554 2600 586 2631 in
611 2610 684 2631 euni
708 2599 837 2631 colonis
855 2600 1032 2633 restitutus
1050 2606 1113 2633 est.
1147 2612 1218 2633 cum
1235 2599 1319 2633 fame
1336 2603 1475 2644 populus
1493 2602 1559 2634 Ro-

162 2652 276 2674 manus
298 2643 485 2686 laboraret,
509 2644 646 2686 Spurius
664 2644 804 2677 Maelius
828 2654 929 2686 eques
947 2645 1112 2679 Romanus
1136 2644 1334 2691 frumentum
1356 2647 1476 2690 populo
1500 2658 1560 2679 sua
