1698 2864
114 257 140 276 a.
162 249 216 276 Ch.
236 249 298 276 464.
319 248 381 274 463.

628 237 757 270 LIBER
780 237 835 270 111.
885 237 979 271 CAP.
999 239 1030 272 6.
1478 244 1527 283 13

113 356 158 383 ea
175 341 352 382 conluvio
369 340 580 379 mixtorum
595 340 723 379 omnis
739 339 891 391 generis
907 340 1161 380 animantium
1179 348 1215 381 et
1231 343 1351 383 odore
1365 343 1526 385 insolito
1556 353 1576 385 3

114 401 285 440 urbanos
306 401 342 435 et
362 401 551 447 agrestem
575 397 794 436 confertum
815 396 856 435 in
877 402 956 435 arta
977 401 1076 436 tecta
1098 403 1206 437 aestu
1229 412 1272 438 ac
1292 400 1428 451 vigiliis
1455 414 1527 442 an-

115 456 240 507 gebat,
261 453 550 504 ministeriaque
570 453 611 492 in
633 454 754 492 vicem
772 465 816 492 ac
833 453 1010 503 contagio
1027 453 1112 504 ipsa
1128 454 1335 505 volgabant
1350 458 1526 497 morbos.

113 512 174 551 vix
194 511 382 550 instantes
405 509 688 548 sustinentibus
711 509 839 548 clades
864 514 1025 561 repente
1048 510 1159 560 legati
1178 511 1332 551 Hernici
1348 514 1528 554 nuntiant
1555 524 1577 556 4

113 569 154 607 in
171 579 262 619 agro
285 579 356 605 suo
374 566 531 617 Aequos
549 565 792 617 Volscosque
809 566 1024 605 coniunctis
1043 566 1164 618 copiis
1183 572 1307 606 castra
1325 570 1526 619 posuisse,

112 624 203 664 inde
229 623 397 662 exercitu
424 622 569 673 ingenti
596 623 693 662 fines
723 635 816 662 suos
846 622 1086 674 depopulari.
1127 629 1397 676 praeterquam
1421 627 1526 677 quod
1555 638 1574 669 5

113 680 339 731 infrequens
367 684 522 719 senatus
551 679 694 718 indicio
724 684 805 718 erat
833 679 950 718 sociis
979 679 1170 719 adflictam
1189 680 1380 720 civitatem
1404 682 1528 732 pesti-

112 736 230 777 lentia
251 748 349 782 esse,
370 734 562 775 maestum
584 737 697 775 etiam
719 747 956 787 responsum
977 737 1109 782 tulere,
1132 741 1176 775 ut
1192 749 1261 788 per
1278 750 1320 776 se
1336 737 1412 789 ipsi
1428 738 1526 778 Her-

111 793 188 832 nici
218 805 305 832 cum
333 792 477 831 Latinis
506 804 568 831 res
596 805 686 832 suas
714 797 952 832 tutarentur:
987 792 1123 832 urbem
1151 793 1371 833 Romanam
1399 795 1526 834 subita

114 850 229 889 deum
250 849 305 888 ira
326 849 465 888 morbo
488 849 687 900 populari,
708 850 740 887 si
764 861 837 900 qua
860 849 942 888 eius
964 849 1053 888 mali
1076 849 1183 900 quies
1202 851 1341 897 veniat,
1363 856 1407 890 ut
1422 864 1525 890 anno

113 910 222 953 ante,
253 910 295 944 ut
321 918 477 956 semper
503 906 593 945 alias
616 906 733 945 sociis
756 918 872 957 opem
893 905 1053 945 laturos.
1095 905 1312 946 discessere
1334 907 1430 946 socii
1451 920 1523 960 pro
1554 918 1574 950 6

111 962 211 1002 tristi
232 962 369 1001 nuntio
392 961 605 1001 tristiorem
628 962 789 1001 domum
811 961 1039 1009 referentes,
1063 962 1207 1013 quippe
1229 963 1368 1014 quibus
1389 976 1460 1015 per
1480 977 1523 1003 se

112 1018 384 1058 sustinendum
412 1017 552 1056 bellum
580 1022 677 1065 erat,
708 1018 813 1069 quod
841 1018 901 1056 vix
923 1018 1110 1058 Romanis
1130 1018 1213 1057 fulti
1236 1019 1380 1058 viribus
1403 1021 1524 1060 susti-

110 1074 300 1113 nuissent.
331 1085 412 1112 non
434 1073 577 1113 diutius
598 1087 639 1112 se
660 1074 700 1112 in
719 1074 886 1113 Hernico
909 1075 1035 1114 hostis
1058 1075 1266 1123 continuit3
1289 1076 1414 1127 pergit
1434 1077 1524 1116 inde

111 1131 275 1170 infestus
304 1130 342 1168 in
365 1142 479 1180 agros
502 1129 701 1169 Romanos
724 1132 838 1170 etiam
861 1131 945 1171 sine
964 1131 1051 1170 belli
1071 1131 1210 1170 iniuria
1233 1137 1417 1171 vastatos.
1457 1134 1523 1172 ubi

113 1190 200 1226 cum
223 1186 359 1226 obvius
381 1199 516 1233 nemo,
537 1199 585 1225 ne
606 1187 766 1226 inermis
789 1187 958 1238 quidem,
981 1188 1100 1235 fieret,
1124 1200 1270 1239 perque
1292 1188 1423 1228 omnia
1443 1201 1525 1228 non

112 1243 318 1295 praesidiis
344 1243 463 1282 modo
487 1244 639 1282 deserta
660 1243 727 1282 sed
750 1243 865 1283 etiam
889 1245 990 1284 cultu
1013 1245 1154 1295 agresti
1174 1245 1405 1293 transirent,
1432 1258 1523 1297 per—

111 1312 248 1339 venere
270 1299 316 1338 ad
338 1299 494 1339 tertium
514 1299 679 1351 lapidem
703 1300 848 1340 Gabina
871 1301 939 1340 via.

223 1357 399 1395 Mortuus
428 1356 612 1395 Aebutius
638 1361 718 1395 erat
737 1356 937 1397 Romanus
967 1357 1123 1404 consul,
1153 1357 1296 1408 collega
1323 1357 1405 1397 eius
1428 1359 1523 1398 Ser-

112 1412 218 1451 vilius
241 1412 374 1464 exigua
396 1412 434 1450 in
457 1425 527 1463 spe
544 1412 719 1452 trahebat
735 1413 918 1461 animam,
942 1413 1079 1453 adfecti
1096 1413 1269 1465 plerique
1284 1414 1521 1466 principum,

108 1473 264 1520 patrum
288 1468 412 1507 maior
432 1481 542 1520 pars,
572 1469 745 1509 militaris
767 1470 846 1509 fere
867 1475 968 1510 aetas
991 1470 1139 1517 omnis,
1169 1476 1213 1510 ut
1233 1483 1312 1509 non
1334 1472 1452 1510 modo
1475 1472 1521 1511 ad

112 1636 172 1657 zur
200 1625 297 1657 Stadt
324 1635 472 1666 gezogen
501 1636 629 1667 waren,
659 1627 725 1667 vgl.
750 1627 779 1668 1,

111 1671 163 1712 44,
182 1671 213 1702 5.

156 1715 186 1747 3.
221 1726 260 1747 ea
277 1715 425 1747 conluvio
439 1734 461 1737 —
473 1717 610 1748 morbos
624 1716 781 1748 schliesst

110 1761 197 1800 sich,
226 1761 276 1792 als
300 1760 508 1801 Erkltirung,
538 1762 715 1793 chiastisch
739 1772 780 1793 an

109 1806 172 1838 den
203 1806 497 1845 vorhergehenden
522 1806 602 1838 Satz
627 1817 685 1848 an,
715 1808 780 1839 und

109 1851 155 1883 ist
171 1851 253 1882 auch
272 1851 304 1881 in
322 1851 390 1881 sich
406 1851 584 1882 chiastisch
599 1853 778 1892 geordnet:

111 1895 213 1929 odore
224 1914 247 1918 -
259 1896 404 1938 v1'gz‘liis;
421 1896 486 1936 vgl.
504 1896 632 1939 Tucyd.
648 1898 679 1937 2,
697 1897 779 1929 14ff.

108 1959 153 1965 —
169 1942 332 1983 augebat,
353 1946 511 1981 erzeugte
530 1941 778 1983 Beklemmung.

108 2004 154 2009 —
169 1988 205 2018 z‘n
223 1988 337 2023 vicem,
356 1986 543 2026 attributiv,
566 1986 593 2026 1,
612 1986 666 2028 39,
685 1987 716 2019 3.
735 2006 780 2010 ——

110 2033 279 2073 contagio,
297 2031 351 2072 25,
370 2030 423 2070 26,
443 2031 477 2062 8:
497 2035 685 2065 contactus.

155 2077 245 2108 4-5.
276 2078 456 2117 instantes,
474 2076 505 2117 2,
519 2077 572 2117 36,
587 2077 618 2109 6.
636 2096 681 2100 —
697 2078 780 2110 Her-

109 2122 193 2162 nici,
216 2122 325 2161 diese,
350 2123 514 2153 zwischen
539 2123 600 2154 den
625 2123 779 2165 Aequern

110 2166 176 2198 und
205 2165 375 2198 Volskern
408 2168 587 2207 wohnend,
621 2168 694 2199 sind
727 2179 779 2200 am

111 2215 225 2243 ersten
244 2211 305 2242 den
321 2211 490 2251 Angriffen
508 2213 683 2244 derselben
701 2223 779 2245 aus-

110 2260 253 2296 gesetzt.
274 2274 314 2278 —
331 2259 506 2297 nuntiant,
525 2268 560 2288 so
579 2256 637 2299 oft,
656 2269 682 2290 s.
701 2270 729 2291 c.
747 2259 779 2300 8,

110 2300 150 2340 4,
175 2301 229 2339 22,
248 2300 287 2339 23
306 2301 337 2339 4,
357 2301 409 2342 26,
432 2301 446 2332 1
467 2313 499 2334 u.
517 2312 563 2342 a.,
582 2303 629 2334 sie
647 2304 778 2335 melden

111 2356 174 2377 nur
196 2346 248 2377 die
268 2345 392 2378 Gefahr
415 2348 495 2378 nach
514 2347 610 2390 Rom,
633 2349 778 2381 welches

110 2391 192 2422 nach
210 2392 282 2422 dem
300 2391 463 2423 Biindniss
482 2391 578 2424 Hiilfe
597 2404 638 2424 zu
657 2394 777 2426 leisten

109 2437 321 2478 verpssichtet
351 2438 410 2476 ist,
439 2438 502 2468 wie
528 2439 576 2469 sie
600 2438 706 2470 selbst
729 2440 777 2471 sie

111 2481 252 2519 leisten,
272 2491 298 2512 s.
318 2492 345 2512 c.
366 2483 395 2521 7,
411 2483 446 2523 5,
465 2483 530 2522 vgl.
550 2493 577 2514 c.
597 2483 628 2524 4,
649 2483 707 2523 113
727 2483 779 2527 22,

111 2526 143 2557 4.
162 2544 206 2549 -
223 2526 346 2566 tulere,
368 2527 398 2567 2,
420 2528 471 2567 12,
493 2528 543 2559 15.
560 2546 606 2551 —
620 2539 681 2571 per
697 2541 725 2561 s.
743 2532 779 2571 z'.,

110 2572 182 2614 ipse
210 2572 366 2603 schliesst
389 2573 459 2603 sich
476 2565 515 2604 fn
539 2574 662 2605 diesem
683 2574 779 2606 Faue

111 2615 202 2647 nicht
219 2626 259 2648 un
277 2628 315 2648 se
331 2627 388 2657 an,
407 2619 550 2649 sondern
570 2619 644 2650 tritt
661 2630 702 2650 zu
719 2631 780 2662 per

111 2670 158 2702 se,
172 2661 229 2693 das
239 2662 444 2703 selbstiindig
453 2664 634 2696 handelnde
644 2664 783 2706 Subject

854 1627 1094 1669 bezeichnend,
1111 1638 1138 1659 s.
1156 1627 1177 1669 ξ
1192 1627 1222 1668 9,
1242 1628 1351 1668 hinzu,
1368 1627 1400 1669 2,
1419 1627 1472 1668 53,
1491 1629 1522 1669 4,

853 1673 921 1713 vgl.
945 1672 1000 1713 23,
1019 1672 1071 1714 20,
1091 1673 1127 1704 5:
1151 1674 1288 1705 sibimet
1308 1675 1378 1717 ipsi
1402 1684 1524 1707 consu-

853 1718 931 1750 lere.
949 1736 995 1741 —-
1011 1720 1085 1750 urb.
1103 1718 1156 1758 H„
1178 1718 1206 1758 1,
1225 1718 1255 1759 3,
1274 1718 1304 1750 9.

899 1763 981 1795 6-7.
1017 1766 1182 1804 tristiore,
1210 1764 1243 1804 1,
1265 1764 1294 1804 7,
1313 1763 1343 1795 8.
1370 1781 1415 1786 -
1438 1767 1524 1804 erat,

853 1809 912 1839 der
929 1807 1090 1841 lndicativ
1108 1810 1190 1840 nach
1208 1810 1330 1852 quippe
1346 1811 1404 1851 qm*
1422 1808 1525 1840 findet

854 1854 922 1885 sich
946 1853 998 1884 bei
1016 1853 1053 1885 L.
1072 1854 1259 1894 bisweilen,
1285 1854 1348 1885 wie
1367 1864 1394 1885 c.
1413 1853 1466 1894 53,
1486 1854 1524 1893 ῖς

853 1898 885 1939 8,
903 1898 956 1939 26,
976 1899 1013 1937 5;
1033 1898 1087 1938 26,
1106 1899 1160 1939 41,
1180 1898 1524 1940 8342‚18,1;d00h

852 1944 898 1975 ist
915 1944 974 1975 der
987 1943 1188 1984 Conjunctiv
1204 1944 1365 1984 hiiufiger.
1382 1961 1427 1966 —
1440 1944 1524 1976 Her-

851 1991 944 2030 712'007
977 1988 1010 2028 1,
1032 1989 1087 2029 11,
1107 1989 1137 2020 4.
1162 2007 1208 2012 -—-
1230 1990 1304 2020 sine
1333 1990 1363 2021 b.
1385 1990 1523 2030 iniuria,

852 2035 953 2065 sehon
988 2034 1090 2065 durch
1124 2034 1176 2065 die
1204 2034 1295 2066 Pest.
1330 2052 1366 2057 —
1402 2036 1522 2077 omnia,

852 2079 980 2117 lauter3
1005 2080 1062 2110 das
1088 2084 1196 2111 neutr.
1221 2079 1304 2121 plur.
1327 2080 1385 2111 des
1401 2079 1525 2121 Adjec—

853 2125 920 2156 tivs
935 2124 1017 2155 wird
1032 2124 1203 2156 bisweilen
1220 2135 1282 2156 zur
1294 2124 1525 2165 Bezeichnung

852 2180 918 2201 von
929 2169 1137 2201 Localit'aten
1153 2170 1346 2210 gebraucht,
1362 2180 1389 2201 s.
1405 2169 1523 2210 21,25‚

854 2214 894 2254 93
914 2215 957 2246 ib.
976 2214 1030 2254 32,
1050 2214 1080 2246 9.
1096 2233 1140 2237 -
1155 2215 1315 2258 ρ1“αε.ςίιί.,
1332 2215 1364 2246 in
1383 2214 1523 2247 Stiidten

852 2260 918 2291 und
932 2259 1113 2291 Castellen.
1127 2278 1171 2283 —
1187 2259 1266 2293 Gab.
1281 2271 1322 2300 zu,
1338 2261 1418 2292 nach
1429 2259 1523 2292 Gabii

852 2304 1523 2345 u.Praeneste,dieVerbindungsstrasse

851 2350 1018 2381 zwischen
1042 2349 1124 2382 Rom
1154 2351 1220 2382 und
1244 2352 1317 2382 dem
1339 2350 1523 2382 Herniker-

850 2396 959 2435 lande,
978 2395 1107 2427 {ihulich
1126 2395 1155 2437 2,
1174 2395 1227 2435 39,
1248 2397 1284 2435 5;
1304 2395 1449 2439 lapidem
1465 2405 1524 2427 an-

852 2441 995 2482 ticipirt,
1019 2441 1083 2472 wie
1109 2441 1225 2482 2,11,
1244 2442 1281 2480 7;
1307 2440 1336 2480 3,
1356 2440 1410 2482 69,
1428 2440 1466 2479 ὃς
1491 2440 1522 2480 5,

850 2485 882 2527 4,
905 2485 944 2516 12
962 2496 995 2517 u.
1013 2495 1042 2517 a.

897 2530 927 2562 8.
961 2531 1088 2563 tt‘alzeb.
1111 2542 1157 2573 a.,
1183 2532 1265 2563 nach
1283 2532 1342 2562 der
1359 2530 1521 2570 Analogie

851 2586 916 2608 von
945 2578 1109 2619 spiritum
1133 2577 1284 2615 trahere,
1315 2586 1353 2606 er
1376 2575 1521 2606 athmete

852 2622 951 2661 noch,
975 2621 1030 2661 lag
1046 2622 1127 2653 aber
1145 2620 1523 2661 hoffnungslosdarnie-

852 2667 928 2706 der3
954 2676 981 2698 s.
999 2666 1184 2706 4,12,11;
1212 2664 1416 2707 42,23,10;
1441 2664 1520 2697 Tac.
