1698 2864
163 208 190 226 a.
212 201 266 227 Ch.
286 200 348 225 449.

624 187 751 220 LIBER
773 186 827 220 111.
869 186 960 219 CAP.
981 187 1034 219 50.
1062 187 1116 220 51.
1514 187 1567 226 99

164 294 354 339 dicerent,
383 291 655 343 perpulerunt,
684 295 728 329 ut
755 289 802 328 ad
829 301 934 328 arma
963 288 1288 335 conclamaretur,
1312 288 1568 340 vellerentque

163 350 272 400 signa
309 354 347 388 et
374 348 539 387 Romam
567 347 919 398 proficiscerentur.
969 345 1190 390 decemviri,
1221 345 1337 384 simul
1365 345 1444 392 his,
1473 358 1569 396 quae
1600 351 1640 383 12

162 405 351 450 videbant,
374 404 510 455 iisque,
535 416 631 455 quae
653 408 734 442 acta
756 403 904 441 Romae
924 401 1143 447 audierant,
1165 402 1390 452 perturbati,
1413 401 1508 441 alius
1530 402 1571 440 in

163 463 274 501 aliam
297 466 445 512 partem
469 466 684 499 castrorum
707 460 753 498 ad
777 458 970 498 sedandos
992 462 1123 496 motus
1145 457 1381 496 discurrunt.
1422 464 1460 497 et
1474 458 1571 497 leni·

162 524 219 557 ter
246 517 446 568 agentibus
474 528 712 568 responsum
743 527 824 554 non
852 515 1048 561 redditur3
1075 513 1280 565 imperium
1303 514 1336 552 si
1358 514 1444 565 quis
1466 514 1569 553 inhi-

160 574 288 620 beret,
318 578 355 612 et
374 574 476 612 viros
499 578 536 612 et
556 577 727 612 armatos
748 585 791 611 se
813 584 900 610 esse
920 571 1195 622 respondetur.
1237 575 1330 609 eunt
1350 570 1501 621 agmine
1521 570 1568 609 ad
1599 573 1639 606 13

159 630 296 669 urbem
319 635 355 669 et
374 629 606 669 Aventinum
628 629 815 675 insidunt,
838 633 879 667 ut
900 628 1065 679 quisque
1088 632 1328 676 occurrerat,
1350 626 1501 677 plebem
1524 627 1570 665 ad

161 687 411 738 repetendam
440 686 654 725 libertatem
672 685 940 735 creandosque
961 684 1140 724 tribunos
1162 682 1286 735 plebis
1309 683 1571 722 adhortantes.

162 743 233 781 alia
259 756 332 781 vox
361 743 463 782 nulla
491 742 656 781 violenta
687 742 814 781 audita
844 746 913 780 est.
962 746 1139 780 senatum
1168 741 1234 791 Sp.
1266 739 1416 792 Oppius
1444 739 1570 778 habet.
1604 744 1644 775 14

161 799 256 838 nihil
283 800 407 851 placet
433 812 569 850 aspere
595 799 677 850 agi:
706 799 851 849 quippe
877 797 923 836 ab
945 797 1041 849 ipsis
1063 797 1195 836 datum
1217 796 1345 835 locum
1369 795 1570 834 seditionis

162 869 259 895 esse.
302 856 506 895 mittuntur
526 861 604 895 tres
626 855 737 906 legati
759 854 1002 898 consulares,
1026 854 1092 905 Sp.
1116 853 1304 904 Tarpeius
1328 853 1366 891 C.
1388 852 1506 891 Iulius
1528 851 1570 890 P.
1602 856 1642 888 15

163 912 375 963 Sulpicius,
407 914 471 964 qui
493 917 721 963 quaererent
741 916 899 950 senatus
920 910 1068 957 verbis,
1086 910 1196 948 cuius
1218 909 1329 948 iussu
1353 914 1479 948 castra
1501 909 1571 946 de-

162 970 392 1015 seruissent,
422 973 487 1008 aut
507 968 599 1019 quid
621 968 694 1006 sibi
717 968 865 1013 vellent,
890 967 954 1017 qui
977 966 1112 1005 armati
1134 965 1364 1004 Aventinum
1388 965 1572 1003 obsedis-

162 1030 266 1070 sent,
296 1025 471 1075 belloque
492 1036 624 1062 averso
648 1024 693 1062 ab
715 1023 893 1062 hostibus
917 1023 1081 1074 patriam
1110 1034 1219 1060 suam
1243 1021 1449 1072 cepissent.
1490 1032 1570 1059 non
1603 1026 1643 1058 16

162 1080 292 1127 defuit,
323 1081 413 1132 quid
435 1080 755 1131 responderetur,
777 1080 919 1125 deerat,
943 1079 1007 1130 qui
1030 1079 1138 1117 daret
1158 1089 1416 1128 responsum,
1439 1077 1570 1115 nullo-

161 1137 253 1176 dum
275 1143 378 1176 certo
397 1138 506 1182 duce,
528 1149 600 1176 nec
622 1136 714 1175 satis
736 1135 966 1175 audentibus
990 1134 1150 1186 singulis
1172 1133 1336 1173 invidiae
1357 1146 1398 1171 se
1420 1134 1571 1172 offerre.

162 1194 198 1232 id
230 1194 349 1232 modo
379 1206 398 1232 a
430 1193 674 1232 multitudine
702 1193 984 1231 conclamatum
1007 1196 1085 1237 est,
1117 1195 1158 1229 ut
1185 1190 1227 1229 L.
1252 1189 1441 1229 Valerium
1465 1194 1502 1228 et
1523 1189 1570 1228 M.

162 1249 365 1288 Horatium
394 1250 440 1288 ad
469 1263 511 1288 se
542 1249 758 1288 mitterent:
788 1249 834 1287 iis
857 1261 898 1287 se
920 1248 1080 1286 daturos
1101 1259 1351 1298 responsum.
1393 1246 1572 1284 Dimissis
1597 1245 1650 1283 51

163 1306 296 1356 legatis
325 1306 510 1344 admonet
537 1305 675 1344 milites
699 1304 913 1355 Verginius,
935 1304 975 1342 in
996 1316 1036 1342 re
1056 1315 1136 1342 non
1158 1304 1323 1342 maxima
1347 1302 1461 1353 paulo
1484 1307 1572 1341 ante

162 1362 396 1413 trepidatum
426 1375 532 1408 esse,
558 1362 645 1412 quia
673 1361 756 1400 sine
778 1362 899 1412 capite
920 1360 1125 1399 multitudo
1154 1359 1281 1406 fuerit,
1310 1370 1573 1409 responsum-

163 1431 257 1468 que,
281 1430 513 1468 quamquam
535 1429 616 1456 non
644 1417 847 1464 inutiliter,
875 1417 1036 1456 fortuito
1065 1421 1194 1454 tamen
1223 1414 1345 1466 magis
1377 1427 1572 1454 consensu

162 1486 277 1525 quam
301 1474 497 1513 communi
521 1473 682 1513 consilio
705 1485 800 1512 esse.
842 1474 992 1524 placere
1008 1473 1139 1511 decem
1158 1472 1289 1518 creari,
1312 1471 1374 1523 qui
1393 1483 1570 1510 summae
1601 1475 1621 1507 2

163 1531 219 1569 rei
254 1536 498 1582 praeessent,
524 1530 755 1581 militarique
782 1530 933 1569 honore
962 1529 1141 1568 tribunos
1171 1528 1335 1567 militum
1364 1528 1569 1579 appellare.

162 1665 362 1705 mitgetheilt
383 1664 512 1703 haben3
533 1664 635 1696 Gron.
659 1675 762 1697 verm.
781 1667 832 1696 in-

161 1713 348 1751 secutique,
378 1719 430 1740 wo
457 1711 541 1741 dann
565 1710 648 1741 auch
672 1720 747 1742 cum
771 1720 832 1741 vor

160 1755 275 1787 cadem
293 1756 352 1786 mit
369 1755 502 1795 Madvig
519 1766 559 1786 zu
577 1755 678 1796 tilgen
697 1756 799 1786 w'zire.

209 1800 329 1831 12-14.
357 1803 387 1831 et
405 1799 522 1842 kniipst
539 1800 710 1831 bisweilen
725 1805 830 1831 etwas

159 1855 211 1883 nn,
230 1855 299 1876 was
315 1846 386 1876 dem
405 1844 611 1885 Vorhergeh.
636 1846 727 1877 nicht
752 1850 830 1877 ent-

160 1891 294 1932 spricht,
313 1900 363 1921 wo
382 1890 445 1921 wir
462 1890 523 1922 sed
539 1895 716 1928 erwarten,
742 1901 768 1922 s.
788 1901 829 1921 zu

160 1935 213 1975 34,
238 1935 293 1975 42,
317 1935 356 1973 6,
382 1934 435 1977 28,
463 1935 517 1974 26,
547 1935 604 1974 ll;
630 1935 684 1975 24,
710 1935 764 1975 27,
789 1935 826 1974 73

158 1980 240 2011 eben
259 1990 295 2011 so
314 1983 413 2022 atque
430 1980 483 2018 24,
501 1980 554 2019 39,
572 1980 608 2018 8;
629 1979 682 2020 26,
700 1980 754 2019 40,
777 1980 828 2012 10.

159 2044 202 2048 —-
219 2025 271 2057 lu's
287 2044 309 2047 —
324 2027 378 2064 ils,
396 2036 422 2057 s.
443 2026 495 2067 23,
512 2025 566 2064 49,
590 2025 620 2057 3.
642 2044 681 2048 -
700 2026 828 2057 inlit'be-

160 2073 246 2108 rent,
266 2081 293 2101 s.
312 2081 339 2101 c.
358 2070 412 2111 33,
433 2070 460 2102 1.
478 2090 521 2093 —
539 2072 641 2110 viros,
662 2070 689 2113 1,
708 2071 762 2111 58,
788 2070 826 2109 83

161 2115 216 2154 21,
234 2114 265 2155 8,
287 2115 340 2147 12:
365 2118 437 2147 tum
453 2117 524 2147 viro
543 2118 576 2147 et
595 2117 829 2157 gubernatore

162 2171 246 2202 opus
270 2163 330 2191 est.
358 2178 400 2182 —
424 2172 461 2192 se
483 2159 534 2192 als
558 2160 598 2191 ob
622 2161 830 2204 respondent

159 2203 260 2245 fulge.
280 2224 321 2227 —
345 2207 480 2245 Arent„
510 2206 587 2236 weil
611 2206 720 2237 dieser
743 2207 828 2247 Berg

156 2250 246 2290 jetzt
264 2260 327 2281 von
346 2251 405 2281 der
424 2250 521 2281 Plebs
539 2250 693 2283 bewohnt
711 2252 766 2283 ist.
784 2270 820 2274 —

158 2297 199 2326 ab
228 2297 330 2338 ipsis,
365 2296 424 2327 den
450 2296 643 2327 Decemvirn
666 2297 731 2327 und
756 2297 828 2329 dem

159 2340 300 2382 Senate,
330 2341 381 2372 die
407 2341 494 2372 nicht
517 2341 690 2380 energisch
714 2342 828 2382 einge-

160 2386 321 2417 schritten
341 2386 423 2417 sind.
448 2404 488 2408 —
515 2385 704 2426 seditionis,
726 2397 754 2426 c,
772 2387 827 2427 46,

159 2430 198 2468 2;
222 2431 287 2462 Cic.
305 2430 363 2462 Or.
387 2430 419 2470 3,
445 2431 498 2471 27,
525 2432 607 2470 1043
631 2431 765 2472 Madvig·
787 2443 829 2463 zu

159 2475 225 2507 Cic.
246 2475 317 2507 Fin.
335 2476 365 2514 2,
384 2476 415 2515 9,
433 2476 487 2507 27.

209 2520 328 2552 15-16.
350 2520 529 2562 Tarpeius,
548 2532 574 2553 c.
591 2520 646 2561 313
665 2520 781 2561 Iulius,
799 2533 828 2553 c.

162 2564 222 2604 333
241 2565 279 2597 P.
295 2564 474 2609 Sulpicius,
492 2577 519 2598 s.
535 2577 562 2597 c.
578 2566 631 2605 31,
650 2565 688 2605 8;
707 2567 830 2599 Ascon.

162 2610 193 2641 in
223 2610 354 2643 Comei.
384 2622 416 2654 p.
447 2611 500 2643 77.
546 2611 606 2644 Die
628 2612 832 2653 Absendung

901 1675 965 1696 von
999 1663 1205 1695 Consularen
1238 1663 1328 1701 zeigt
1361 1663 1412 1694 die
1451 1663 1573 1694 verkin-

901 1711 996 1741 derte
1012 1709 1195 1749 Stimmung
1213 1708 1270 1739 des
1284 1707 1436 1747 senates,
1454 1718 1481 1739 s.
1498 1706 1519 1749 ξ
1538 1707 1548 1738 1
1565 1718 1572 1746 ;

902 1754 956 1793 30,
980 1753 1034 1793 42,
1062 1754 1113 1785 11.
1142 1772 1181 1777 ——
1202 1755 1312 1785 verbis
1335 1753 1376 1784 iin
1400 1751 1571 1793 Auru-age.

900 1817 946 1822 —
985 1800 1119 1842 capim„
1161 1798 1225 1829 wie
1274 1799 1347 1829 eine
1393 1796 1571 1829 feindliche

902 1844 1010 1883 Stadt,
1028 1854 1055 1875 s,
1075 1854 1102 1874 c.
1123 1843 1175 1884 53,
1193 1842 1222 1873 3.
1241 1860 1286 1865 ——
1303 1842 1392 1884 quid,
1410 1843 1485 1874 weil
1504 1853 1570 1873 non

902 1889 1015 1931 defuit
1044 1889 1105 1920 den
1136 1888 1262 1927 Begriff
1286 1888 1415 1918 euthiilt
1442 1888 1572 1919 [tabue-

900 1937 993 1973 runt,
1010 1935 1169 1971 sciebant,
1188 1932 1253 1964 Cic.
1272 1932 1361 1964 Fam.
1382 1932 1412 1972 7,
1431 1932 1463 1973 3,
1481 1933 1515 1964 b':
1534 1934 1575 1964 nt

900 1980 1042 2011 haberes
1065 1978 1146 2020 qaid
1166 1978 1313 2015 diceres,
1343 1978 1387 2008 ib.
1411 1978 1442 2016 8,
1473 1976 1503 2018 6,
1532 1977 1571 2008 2:

900 2024 980 2066 quid
1005 2024 1089 2055 mihi
1112 2023 1288 2055 mandaris
1316 2024 1456 2054 memini
1477 2033 1507 2053 u.
1531 2032 1573 2062 a.,

900 2070 990 2101 nicht
1006 2080 1071 2101 non
1090 2068 1201 2110 defuit
1216 2068 1260 2108 id,
1278 2067 1375 2109 quod,
1395 2067 1425 2105 6,
1448 2067 1498 2109 15,
1520 2067 1572 2098 11.

899 2132 944 2138 -
959 2114 1151 2153 nullodum,
1169 2114 1260 2145 diese
1281 2113 1494 2152 Vei-bindung
1513 2112 1572 2142 fin-

901 2160 957 2192 det
979 2160 1049 2191 sich
1079 2158 1145 2190 fast
1169 2169 1232 2189 nur
1254 2158 1304 2189 bei
1329 2158 1382 2198 L.‚
1408 2168 1434 2189 s.
1460 2158 1492 2197 5,
1517 2157 1571 2197 34,

901 2205 939 2245 63
961 2205 988 2244 7,
1009 2204 1061 2244 33,
1083 2204 1141 2243 133
1161 2204 1192 2243 9,
1214 2203 1265 2241 12,
1285 2203 1321 2242 33
1341 2214 1381 2234 zu
1396 2202 1450 2241 29,
1472 2202 1522 2239 11,
1544 2201 1571 2233 1.

946 2245 1016 2283 51·
1045 2249 1117 2281 1-2.
1144 2248 1361 2292 trepidatum,
1387 2248 1441 2287 vgl
1471 2258 1499 2278 c.
1517 2246 1571 2286 49,

901 2294 932 2326 6.
955 2314 1001 2319 —-
1022 2295 1153 2334 decem,
1186 2305 1223 2326 so
1252 2294 1339 2325 viele
1368 2292 1458 2324 viell.
1491 2292 1571 2322 uach

901 2341 961 2372 der
993 2340 1076 2372 Zabl
1109 2340 1169 2371 der
1200 2338 1482 2375 Volkstribumm,
1519 2336 1571 2367 die

901 2385 984 2417 Zahl
1018 2387 1077 2416 der
1109 2383 1386 2424 Hriegstribunen
1420 2382 1480 2413 der
1508 2380 1571 2411 Le-

901 2434 977 2471 gion
998 2431 1084 2462 liisst
1100 2431 1168 2461 sich
1187 2429 1381 2460 schwerlich
1407 2427 1487 2457 nach
1512 2426 1572 2456 der

900 2476 1037 2516 Angabe
1071 2476 1274 2506 bestiiunien.
1306 2491 1350 2495 —
1383 2473 1457 2502 trib.
1491 2469 1572 2509 mil,

901 2522 979 2552 weil
998 2521 1047 2552 sie
1064 2531 1104 2551 an
1123 2521 1183 2551 der
1197 2519 1310 2560 Spitze
1329 2518 1389 2548 der
1404 2515 1569 2555 Legionen

903 2567 1030 2606 stehen,
1053 2566 1147 2596 diese
1173 2567 1344 2595 vertreten
1368 2561 1492 2600 sonen,
1517 2560 1571 2590 die

902 2621 968 2644 von
1006 2612 1070 2642 den
1108 2608 1305 2641 Decemvirn
1341 2607 1573 2647 eiugesetzten

1233 2663 1284 2695 7*
