1698 2864
107 101 132 119 a.
142 91 193 119 cb.
204 93 265 118 491.
276 92 350 124 (590.
360 90 423 122 439)
434 91 494 116 488.

629 79 754 112 LIBER
768 80 804 113 ll.
830 79 925 113 CAP.
944 80 999 112 40.

1448 80 1529 120 303

113 185 312 237 pervicere
334 187 450 227 certe,
471 187 516 221 ut
537 187 575 220 et
596 182 768 227 Veturia,
790 193 931 232 magno
953 185 1049 219 natu
1070 181 1232 225 mulier,
1265 185 1304 221 et
1323 181 1530 220 Volumnia
1557 187 1576 219 2

111 243 211 281 duos
232 251 372 292 parvos
390 251 435 277 ex
450 237 591 277 Marcio
609 239 740 278 ferens
762 238 862 276 filios
884 249 1021 276 secum
1036 237 1077 275 in
1095 243 1219 276 castra
1237 237 1411 277 hostium
1428 237 1532 276 irent

113 303 164 345 et,
186 296 373 348 quoniam
395 294 515 333 armis
539 295 609 333 viri
630 294 843 333 defendere
866 294 1008 332 urbem
1030 305 1112 331 non
1133 299 1316 344 possent,
1341 294 1525 333 mulieres

111 352 291 406 precibus
302 350 550 402 lacrimisque
564 351 837 390 defenderent.
869 349 936 388 ubi
952 350 998 389 ad
1010 355 1134 389 castra
1152 355 1315 388 ventum
1333 356 1404 395 est,
1425 363 1531 389 nun·
1559 356 1579 388 3

111 411 330 459 tiatumque
351 407 557 446 Coriolano
579 412 636 446 est
654 408 790 446 adesse
807 407 947 457 ingens
964 406 1175 444 mulierum
1193 418 1345 456 agmen,
1369 407 1433 455 [in]
1453 407 1535 458 pri-

112 478 189 509 mo,
214 470 256 503 ut
278 464 344 515 qui
366 476 439 502 nec
460 463 613 514 publica
638 463 842 502 maiestate
871 463 912 501 in
937 462 1073 513 legatis
1106 473 1178 501 nec
1199 462 1239 500 in
1262 463 1534 502 sacerdotibus

112 525 220 560 tanta
242 521 364 559 offusa
386 520 507 558 oculis
530 520 740 572 animoque
760 519 950 570 religione
973 524 1105 558 motus
1123 523 1239 562 esset,
1263 519 1386 557 multo
1410 518 1534 558 obsti-

112 576 243 617 natior
272 577 458 615 adversus
487 576 666 615 lacrimas
690 576 901 615 muliebres
924 581 1018 614 crat.
1062 575 1151 614 dein
1173 575 1423 613 familiarium
1447 575 1534 626 qui·
1561 580 1582 612 4

114 634 216 680 dam,
242 633 307 684 qui
330 632 524 684 insignem
548 633 743 672 maestitia
765 633 870 672 inter
891 637 1041 671 ceteras
1063 636 1300 682 cognoverat
1320 631 1535 677 Veturiam,

112 691 215 729 inter
246 701 393 728 nurum
417 694 660 741 nepotesque
682 695 872 734 stantem,
896 689 999 734 „nisi
1027 701 1089 727 me
1110 689 1382 726 f1·ustrantur“
1403 687 1534 739 inquit

114 746 253 793 „oculi,
277 751 403 784 mater
424 746 493 785 tibi
514 747 765 797 coniunxque
788 751 825 784 et
846 745 957 784 liberi
979 745 1162 783 adsunt“.
1196 744 1422 783 Coriolanus
1440 756 1533 795 pro-
1560 754 1578 785 5

113 815 160 854 pe
176 808 220 841 ut
241 814 377 841 amens
400 808 674 841 consternatus
697 803 743 841 ab
766 803 860 841 sede
891 814 960 840 sua
983 814 1071 840 cum
1102 801 1226 839 ferret
1255 800 1369 839 matri
1402 800 1537 840 obviae

115 859 363 910 conplexum,
395 859 536 898 mulier
556 859 597 897 in
619 858 715 897 iram
741 872 786 897 ex
812 857 995 910 precibus
1027 870 1138 896 versa
1161 857 1284 903 „sine,
1307 857 1538 908 priusquam

114 916 346 966 conplexum
368 915 528 966 accipiO,
552 915 697 954 sciam“
726 915 866 966 inquit,
891 914 964 959 „ad
986 914 1140 952 hostem
1173 925 1222 952 an
1251 913 1298 952 ad
1320 913 1443 952 filium
1468 925 1540 952 ve-

115 972 254 1016 nerim,
279 971 429 1022 captiva
453 976 630 1010 materne
651 972 691 1009 in
715 971 852 1010 castris
876 970 951 1008 tuis
974 971 1061 1008 sim.
1090 970 1131 1008 in
1154 970 1227 1008 hoc
1251 982 1312 1008 me
1330 969 1445 1019 longa
1462 969 1536 1008 vita
1563 980 1582 1011 6

116 1033 153 1065 et
174 1027 305 1066 infelix
328 1032 487 1066 senecta
508 1028 637 1073 traxit,
661 1033 704 1065 ut
726 1028 880 1066 exulem
904 1032 955 1072 te,
981 1026 1125 1065 deinde
1146 1027 1302 1064 hostem
1326 1025 1499 1064 viderem
1515 1023 1536 1063 ⁶?

115 1083 278 1134 potuisti
299 1084 479 1135 populari
499 1083 601 1122 hanc
622 1089 790 1129 terram,
821 1095 920 1134 quae
943 1089 981 1121 te
1002 1082 1137 1133 genuit
1167 1088 1283 1133 atque
1305 1080 1434 1120 aluit?
1455 1093 1536 1120 non
1564 1094 1581 1124 7

116 1139 200 1185 tihi,
224 1140 401 1191 quamvis
424 1140 567 1179 infesto
589 1140 721 1179 animo
745 1145 782 1179 et
805 1139 947 1178 minaci
964 1150 1210 1190 perveneras,
1234 1137 1471 1189 ingredienti
1494 1138 1540 1176 fi-

115 1208 184 1235 nes
207 1197 261 1235 ira
283 1194 452 1236 cecidit?
475 1208 572 1242 non,
596 1209 684 1236 cum
708 1197 747 1235 in
765 1202 978 1248 conspectu
996 1196 1119 1234 Roma
1136 1195 1220 1241 fuit,
1241 1195 1435 1234 succurrit
1453 1195 1542 1241 „in-

115 1257 173 1291 tra
196 1253 256 1291 illa
281 1253 436 1292 moenia
458 1254 597 1292 domus
620 1266 664 1293 ac
686 1260 846 1305 penates
872 1253 947 1291 mei
965 1258 1071 1297 sunt,
1091 1258 1228 1297 mater,
1248 1251 1421 1290 coniunx
1442 1251 1539 1290 lihe-

117 1309 228 1360 rique
238 1307 287 1347 ⁶?“
312 1321 401 1360 ergo
421 1321 491 1359 ego
509 1310 584 1349 nisi
605 1310 861 1361 peperissem,
884 1310 1008 1348 Roma
1026 1320 1107 1347 non
1124 1314 1443 1359 oppugnaretur;
1466 1307 1541 1346 nisi
1566 1317 1585 1350 8

118 1365 242 1404 filium
270 1365 475 1411 haberem,
508 1366 629 1406 libera
650 1367 692 1405 in
714 1366 834 1406 libera
858 1366 981 1417 patria
1011 1370 1166 1404 mortua
1187 1378 1329 1404 essem.
1372 1364 1441 1403 sed
1465 1376 1536 1415 ego

117 1469 247 1509 gehiirt.
274 1468 369 1500 Dion.
397 1469 427 1508 8,
447 1469 488 1501 39
512 1469 598 1502 l'aeisst
622 1471 683 1502 den
709 1469 789 1502 Plan

117 1523 182 1544 von
206 1514 266 1545 der
294 1513 454 1555 Valeria,
478 1516 536 1546 des
570 1515 604 1546 P.
630 1515 790 1547 Valerius

116 1558 792 1600 PublicolaSchwesterausgehen,wahr-

118 1604 306 1636 scheinlich
345 1605 428 1636 nach
461 1605 616 1637 Valerius
656 1605 790 1645 Antias,

117 1649 188 1680 dem
206 1649 243 1681 L.
263 1650 355 1680 nicht
371 1654 475 1681 traut.
499 1669 540 1672 ——
558 1660 682 1691 magno
699 1661 743 1690 η.,
762 1662 788 1682 c.

118 1694 147 1735 8,
166 1694 203 1733 43
224 1696 272 1733 10,
291 1694 345 1733 38,
363 1694 393 1725 6.
412 1713 455 1717 -—
471 1705 516 1726 θα)
530 1693 632 1727 Marc.
650 1710 672 1721 =
689 1706 734 1726 επ)
748 1694 790 1727 Μ.

113 1740 260 1780 genitos,
289 1739 318 1778 1,
337 1739 389 1778 34,
408 1740 439 1771 6.
464 1758 505 1761 —
523 1743 571 1771 est
589 1760 616 1764 -
633 1743 693 1781 est,
711 1751 738 1772 s.
757 1741 787 1781 3,

117 1786 148 1824 5,
170 1785 221 1815 14.
239 1803 282 1807 -—
300 1785 335 1815 in
349 1786 462 1826 primo
480 1785 623 1817 braucht
640 1785 676 1817 L.
695 1790 791 1817 sonst

117 1829 149 1861 in
174 1829 316 1861 localem
340 1830 453 1870 Sinne,
487 1832 522 1861 in
546 1830 589 1862 ist
619 1831 692 1863 also
723 1831 790 1862 wol

116 1874 210 1906 nicht
232 1874 367 1914 richtig.
400 1892 443 1897 —
470 1875 606 1918 publica
622 1886 679 1915 m„
704 1888 732 1908 c.
758 1877 789 1917 7,

117 1920 148 1959 7,
176 1919 229 1951 die
248 1918 308 1951 auf
326 1919 389 1951 den
419 1918 609 1952 Gesandtcn
643 1922 790 1953 ruhende

115 1965 193 2005 (in),
211 1964 316 1996 durch
333 1965 383 1996 sie
401 1966 650 2007 repra'sentirte
668 1966 792 1999 Hoheit

117 2010 175 2041 des
194 2010 338 2042 Staates.
361 2028 405 2033 ·—
422 2010 595 2052 religione,
620 2012 679 2043 das
708 2012 790 2043 Hei-

117 2054 199 2095 lige,
226 2053 333 2086 Scheu
361 2065 423 2086 vor
456 2056 519 2088 den
549 2055 693 2089 Gottern
727 2056 794 2089 Ge—

119 2099 286 2138 hietende‚
313 2100 460 2131 welches
478 2101 543 2132 ihm
567 2102 599 2133 in
617 2103 678 2133 den
699 2101 792 2133 Prie-

119 2148 210 2175 stern
230 2149 478 2185 entgegentrat,
501 2147 629 2188 offusa,
651 2147 719 2187 vgl.
738 2148 793 2187 39,

126 2190 176 2228 15,
195 2190 225 2220 4.

163 2235 247 2265 4-6.
269 2236 341 2276 tihi,
351 2233 454 2276 praef.
465 2236 495 2267 9.
505 2254 547 2258 -—
555 2246 670 2267 amens
680 2240 793 2277 const„

118 2290 144 2310 s.
166 2279 196 2319 1,
217 2279 267 2320 21,
291 2282 324 2312 1:
357 2291 392 2312 so
420 2283 573 2312 versffirt
596 2282 660 2312 und
678 2282 793 2322 ausge-

118 2328 205 2364 regt,
232 2325 308 2356 dass
334 2335 371 2356 er
398 2325 463 2357 wie
493 2326 619 2357 sinnlos
643 2327 792 2366 auffuhr3

119 2379 158 2400 zu
174 2373 338 2401 constertz.
357 2371 476 2410 geho'rt
497 2372 538 2402 ab
557 2371 644 2411 sede,
666 2372 732 2412 vgl.
753 2383 794 2404 zu

119 2414 150 2453 7,
167 2414 223 2456 42,
239 2416 270 2447 3.
289 2433 331 2437 —
355 2426 399 2447 esc
413 2425 514 2458 pree„
546 2426 609 2447 von
636 2417 699 2448 den
723 2417 793 2449 Bit-

116 2463 182 2499 ten,
214 2460 266 2491 die
293 2461 342 2492 sie
367 2471 407 2492 an
433 2461 489 2492 ihn
509 2461 640 2493 richten
664 2462 792 2503 wollte,

116 2514 207 2545 weg3
235 2505 328 2537 (liese
342 2506 417 2538 sind
435 2511 521 2538 statt
538 2507 596 2539 des
615 2507 792 2540 Gemiiths—

864 1468 1045 1501 zustandes
1063 1468 1226 1507 erwa'hnt‚
1245 1477 1304 1498 aus
1323 1467 1396 1498 dem
1405 1467 1540 1498 sicher—

863 1515 1098 1554 vorgehen.-—
1112 1514 1239 1556 accipio
1256 1512 1303 1544 ist
1319 1512 1423 1544 durch
1439 1513 1539 1543 sine—

864 1561 981 1599 scz‘am,
1000 1559 1069 1590 lass
1088 1558 1175 1589 mich
1192 1557 1324 1598 wissen,
1352 1557 1384 1588 in
1400 1557 1455 1588 die
1474 1557 1541 1589 Zu-

864 1603 962 1636 kunft
979 1613 1138 1644 gezogen‚
1156 1603 1222 1641 vgl.
1244 1603 1298 1643 25,
1317 1603 1347 1638 6,
1366 1603 1404 1634 6:
1430 1603 1504 1633 sine
1520 1620 1540 1624 -

860 1651 1061 1692 priusquam
1090 1658 1210 1690 queror
1233 1668 1261 1672 -
1288 1658 1349 1679 nos
1372 1657 1541 1690 purgare3

865 1694 933 1727 Cic.
952 1694 1023 1726 Att.
1047 1694 1096 1733 16,
1115 1695 1145 1732 5,
1164 1694 1202 1724 3:
1228 1694 1458 1735 circumspice,
1483 1691 1545 1724 sed

863 1742 942 1770 ante
970 1749 1071 1781 qaam
1110 1739 1279 1770 erubesco.
1314 1755 1358 1760 —
1394 1739 1542 1776 senecta,

864 1784 981 1816 friiher
998 1785 1091 1815 mehr
1108 1783 1267 1825 poetisch.
1282 1801 1327 1805 —
1342 1784 1377 1814 z'n
1395 1783 1463 1822 Ιιοο,
1488 1782 1542 1814 bis

864 1841 905 1861 zu
929 1830 1003 1861 dem
1022 1829 1160 1870 Punkte,
1183 1828 1290 1869 Ziele‚
1308 1827 1422 1869 damit,
1449 1827 1537 1860 vell.

864 1875 936 1906 Pat.
963 1875 994 1915 2,
1019 1875 1075 1915 41,
1098 1874 1134 1905 3:
1160 1876 1193 1905 in
1218 1875 1287 1913 lzoc,
1317 1883 1367 1904 ne.
1386 1890 1401 1896 -
1418 1873 1540 1913 traaez't,

864 1920 1048 1961 gleichsam
1065 1929 1169 1961 gegen
1188 1919 1317 1950 meinen
1338 1917 1480 1950 Willen.
1498 1935 1541 1939 ——

860 1966 1018 2008 potuisti,
1050 1965 1127 1996 hast
1150 1963 1235 1996 iiber
1259 1963 1338 1995 dich
1367 1963 1541 2002 gewinnen

866 2010 1008 2042 konnen.

912 2100 989 2133 7-9.
1031 2100 1183 2141 quamvis
1218 2119 1231 2124 ·
1256 2109 1391 2141 perven.
1405 2122 1413 2138 ,
1447 2102 1542 2130 sonst

866 2145 952 2177 wird
969 2146 1122 2187 quamvis
1140 2155 1202 2176 nur
1225 2144 1279 2176 bei
1298 2144 1459 2175 Dichtern
1476 2143 1542 2175 und

865 2190 1027 2232 Sp'ziteren
1046 2190 1107 2221 mit
1124 2191 1196 2221 dem
1215 2188 1383 2221 lndicativ
1397 2189 1543 2220 verbun-

867 2237 939 2275 den,
964 2236 1110 2267 welcher
1138 2245 1179 2266 an
1203 2246 1233 2266 u.
1255 2235 1302 2266 St.
1320 2233 1470 2275 gewiihlt
1486 2234 1543 2273 ist,

868 2281 950 2313 weil
967 2282 1027 2312 das
1045 2281 1169 2323 infesto
1190 2300 1204 2304 -
1222 2281 1398 2322 pervenire
1425 2279 1477 2310 als
1495 2284 1545 2310 et-

869 2336 939 2358 was
958 2326 1170 2358 Wirkliches
1204 2324 1420 2365 vorgestellt,
1454 2324 1544 2355 nicht

867 2372 942 2403 blos
960 2372 1010 2402 als
1030 2382 1070 2402 zu
1085 2369 1433 2410 denkeneingerfiumt
1446 2368 1543 2407 wird,

867 2417 932 2448 und
951 2417 1105 2457 zugleich
1119 2426 1173 2447 um
1186 2417 1310 2458 infesto
1327 2425 1367 2445 zu
1382 2414 1542 2454 steigern,

867 2473 892 2493 s.
919 2462 989 2493 Cic.
1024 2461 1081 2493 Or.
1109 2462 1139 2502 3,
1166 2462 1220 2498 26,
1258 2460 1338 2499 1033
1364 2459 1432 2499 vgl.
1460 2458 1542 2499 Nep.

864 2506 953 2538 Milt.
973 2507 1002 2547 2,
1021 2507 1056 2538 3:
1086 2507 1240 2548 quamvis
1263 2504 1406 2536 carebat.
1427 2521 1470 2526 —-
1486 2502 1545 2533 sed
