<?xml version="1.0" encoding="UTF-8"?>
<!DOCTYPE html PUBLIC "-//W3C//DTD XHTML 1.0 Transitional//EN"
    "http://www.w3.org/TR/xhtml1/DTD/xhtml1-transitional.dtd">
<html xmlns="http://www.w3.org/1999/xhtml" xml:lang="en" lang="en">
 <head>
  <title>
</title>
<meta http-equiv="Content-Type" content="text/html;charset=utf-8" />
  <meta name='ocr-system' content='tesseract 3.04.00' />
  <meta name='ocr-capabilities' content='ocr_page ocr_carea ocr_par ocr_line ocrx_word'/>
</head>
<body>
  <div class='ocr_page' id='page_1' title='image "./aburbeconditalib0102livyuoft_0115.png"; bbox 0 0 1698 2864; ppageno 0'>
   <div class='ocr_carea' id='block_1_1' title="bbox 50 111 349 139">
    <p class='ocr_par' dir='ltr' id='par_1_1' title="bbox 50 111 349 139">
     <span class='ocr_line' id='line_1_1' title="bbox 50 111 349 139; baseline -0.003 0"><span class='ocrx_word' id='word_1_1' title='bbox 50 111 53 116; x_wconf 82' lang='grc'><strong>”</strong></span> <span class='ocrx_word' id='word_1_2' title='bbox 84 122 99 139; x_wconf 77' lang='lat' dir='ltr'>a</span> <span class='ocrx_word' id='word_1_3' title='bbox 129 112 178 139; x_wconf 81' lang='lat' dir='ltr'>Ch.</span> <span class='ocrx_word' id='word_1_4' title='bbox 199 112 349 139; x_wconf 73' lang='lat'>753-717.</span> 
     </span>
    </p>
   </div>
   <div class='ocr_carea' id='block_1_2' title="bbox 599 98 1499 137">
    <p class='ocr_par' dir='ltr' id='par_1_2' title="bbox 599 98 1499 137">
     <span class='ocr_line' id='line_1_2' title="bbox 599 98 1499 137; baseline 0.003 -3"><span class='ocrx_word' id='word_1_5' title='bbox 599 100 724 134; x_wconf 79' lang='lat' dir='ltr'>LlssER</span> <span class='ocrx_word' id='word_1_6' title='bbox 741 100 764 133; x_wconf 89' lang='grc' dir='ltr'>Ι.</span> <span class='ocrx_word' id='word_1_7' title='bbox 815 101 907 133; x_wconf 78' lang='grc' dir='ltr'>ΟΑΡ.</span> <span class='ocrx_word' id='word_1_8' title='bbox 928 102 980 133; x_wconf 89' lang='grc'>10.</span> <span class='ocrx_word' id='word_1_9' title='bbox 1447 98 1499 137; x_wconf 75' lang='grc'>93</span> 
     </span>
    </p>
   </div>
   <div class='ocr_carea' id='block_1_3' title="bbox 83 202 1502 426">
    <p class='ocr_par' dir='ltr' id='par_1_3' title="bbox 83 202 1502 426">
     <span class='ocr_line' id='line_1_3' title="bbox 83 202 1501 254; baseline -0.003 -9"><span class='ocrx_word' id='word_1_10' title='bbox 83 210 220 245; x_wconf 76' lang='lat' dir='ltr'>rentes</span> <span class='ocrx_word' id='word_1_11' title='bbox 241 210 325 244; x_wconf 90' lang='lat' dir='ltr'>tum</span> <span class='ocrx_word' id='word_1_12' title='bbox 349 205 516 244; x_wconf 82' lang='lat' dir='ltr'>maxime</span> <span class='ocrx_word' id='word_1_13' title='bbox 537 204 696 243; x_wconf 85' lang='lat' dir='ltr'>sordida</span> <span class='ocrx_word' id='word_1_14' title='bbox 717 209 824 242; x_wconf 85' lang='lat' dir='ltr'>veste</span> <span class='ocrx_word' id='word_1_15' title='bbox 846 203 1093 254; x_wconf 80' lang='lat' dir='ltr'><strong>lacrimisque</strong></span> <span class='ocrx_word' id='word_1_16' title='bbox 1111 209 1149 242; x_wconf 88' lang='lat' dir='ltr'>et</span> <span class='ocrx_word' id='word_1_17' title='bbox 1165 202 1350 254; x_wconf 82' lang='lat' dir='ltr'>quereilis</span> <span class='ocrx_word' id='word_1_18' title='bbox 1368 202 1501 241; x_wconf 84' lang='lat' dir='ltr'>civita-</span> 
     </span>
     <span class='ocr_line' id='line_1_4' title="bbox 85 259 1502 310; baseline -0.003 -9"><span class='ocrx_word' id='word_1_19' title='bbox 85 270 146 302; x_wconf 84' lang='lat' dir='ltr'>tes</span> <span class='ocrx_word' id='word_1_20' title='bbox 164 262 425 301; x_wconf 83' lang='lat' dir='ltr'>concitabant.</span> <span class='ocrx_word' id='word_1_21' title='bbox 455 274 529 301; x_wconf 89' lang='lat' dir='ltr'>nec</span> <span class='ocrx_word' id='word_1_22' title='bbox 545 261 651 300; x_wconf 89' lang='lat' dir='ltr'>domi</span> <span class='ocrx_word' id='word_1_23' title='bbox 667 266 820 299; x_wconf 87' lang='lat' dir='ltr'>tantum</span> <span class='ocrx_word' id='word_1_24' title='bbox 838 260 1127 310; x_wconf 79' lang='lat' dir='ltr'>indignationes</span> <span class='ocrx_word' id='word_1_25' title='bbox 1144 259 1414 307; x_wconf 79' lang='lat' dir='ltr'>continebant,</span> <span class='ocrx_word' id='word_1_26' title='bbox 1433 260 1502 298; x_wconf 89' lang='lat' dir='ltr'>sed</span> 
     </span>
     <span class='ocr_line' id='line_1_5' title="bbox 87 315 1502 369; baseline -0.002 -11"><span class='ocrx_word' id='word_1_27' title='bbox 87 318 425 369; x_wconf 76' lang='lat' dir='ltr'>congregabantur</span> <span class='ocrx_word' id='word_1_28' title='bbox 440 319 614 369; x_wconf 90' lang='lat' dir='ltr'>undique</span> <span class='ocrx_word' id='word_1_29' title='bbox 638 318 683 356; x_wconf 91' lang='lat' dir='ltr'>ad</span> <span class='ocrx_word' id='word_1_30' title='bbox 701 317 833 355; x_wconf 86' lang='lat' dir='ltr'>Titum</span> <span class='ocrx_word' id='word_1_31' title='bbox 859 316 1014 355; x_wconf 85' lang='lat' dir='ltr'>Tatium</span> <span class='ocrx_word' id='word_1_32' title='bbox 1037 328 1168 366; x_wconf 89' lang='lat' dir='ltr'>regem</span> <span class='ocrx_word' id='word_1_33' title='bbox 1190 315 1442 361; x_wconf 88' lang='lat' dir='ltr'>Sabinorum,</span> <span class='ocrx_word' id='word_1_34' title='bbox 1464 321 1502 355; x_wconf 86' lang='lat' dir='ltr'>et</span> 
     </span>
     <span class='ocr_line' id='line_1_6' title="bbox 86 372 1500 426; baseline -0.001 -12"><span class='ocrx_word' id='word_1_35' title='bbox 86 375 300 426; x_wconf 82' lang='lat' dir='ltr'>legationes</span> <span class='ocrx_word' id='word_1_36' title='bbox 321 388 379 421; x_wconf 92' lang='lat' dir='ltr'>eo,</span> <span class='ocrx_word' id='word_1_37' title='bbox 403 375 505 426; x_wconf 90' lang='lat' dir='ltr'>quod</span> <span class='ocrx_word' id='word_1_38' title='bbox 523 374 737 413; x_wconf 84' lang='lat' dir='ltr'>maximum</span> <span class='ocrx_word' id='word_1_39' title='bbox 755 373 857 412; x_wconf 86' lang='lat' dir='ltr'>Tatii</span> <span class='ocrx_word' id='word_1_40' title='bbox 875 386 1020 412; x_wconf 90' lang='lat' dir='ltr'>nomen</span> <span class='ocrx_word' id='word_1_41' title='bbox 1038 373 1079 411; x_wconf 93' lang='lat' dir='ltr'>in</span> <span class='ocrx_word' id='word_1_42' title='bbox 1096 372 1143 410; x_wconf 90' lang='lat' dir='ltr'>iis</span> <span class='ocrx_word' id='word_1_43' title='bbox 1159 372 1387 421; x_wconf 83' lang='lat' dir='ltr'>regionibus</span> <span class='ocrx_word' id='word_1_44' title='bbox 1405 378 1500 413; x_wconf 83' lang='lat' dir='ltr'>erat.</span> 
     </span>
    </p>
   </div>
   <div class='ocr_carea' id='block_1_4' title="bbox 90 430 1550 480">
    <p class='ocr_par' dir='ltr' id='par_1_4' title="bbox 90 430 1550 480">
     <span class='ocr_line' id='line_1_7' title="bbox 90 430 1550 480; baseline -0.002 -9"><span class='ocrx_word' id='word_1_45' title='bbox 90 432 390 471; x_wconf 80' lang='lat' dir='ltr'>conveniebant.</span> <span class='ocrx_word' id='word_1_46' title='bbox 421 432 684 471; x_wconf 82' lang='lat' dir='ltr'>Caeninenses</span> <span class='ocrx_word' id='word_1_47' title='bbox 708 430 1030 480; x_wconf 84' lang='lat' dir='ltr'>Crustuminique</span> <span class='ocrx_word' id='word_1_48' title='bbox 1052 435 1090 468; x_wconf 87' lang='lat' dir='ltr'>et</span> <span class='ocrx_word' id='word_1_49' title='bbox 1106 430 1362 467; x_wconf 83' lang='lat' dir='ltr'>Antemnates</span> <span class='ocrx_word' id='word_1_50' title='bbox 1381 435 1504 478; x_wconf 78' lang='lat' dir='ltr'>erant,</span> <span class='ocrx_word' id='word_1_51' title='bbox 1533 442 1550 471; x_wconf 82' lang='lat'>2</span> 
     </span>
    </p>
   </div>
   <div class='ocr_carea' id='block_1_5' title="bbox 87 484 1510 1049">
    <p class='ocr_par' dir='ltr' id='par_1_5' title="bbox 87 484 1510 1049">
     <span class='ocr_line' id='line_1_8' title="bbox 87 484 1506 540; baseline -0.002 -12"><span class='ocrx_word' id='word_1_52' title='bbox 87 489 135 528; x_wconf 86' lang='lat' dir='ltr'>ad</span> <span class='ocrx_word' id='word_1_53' title='bbox 157 500 255 540; x_wconf 85' lang='lat' dir='ltr'>quos</span> <span class='ocrx_word' id='word_1_54' title='bbox 278 489 361 528; x_wconf 88' lang='lat' dir='ltr'>eius</span> <span class='ocrx_word' id='word_1_55' title='bbox 384 488 547 527; x_wconf 88' lang='lat' dir='ltr'>iniuriae</span> <span class='ocrx_word' id='word_1_56' title='bbox 568 501 660 539; x_wconf 91' lang='lat' dir='ltr'>pars</span> <span class='ocrx_word' id='word_1_57' title='bbox 677 486 910 539; x_wconf 84' lang='lat' dir='ltr'>pertinebat.</span> <span class='ocrx_word' id='word_1_58' title='bbox 953 486 1056 524; x_wconf 86' lang='lat' dir='ltr'>lente</span> <span class='ocrx_word' id='word_1_59' title='bbox 1079 498 1191 536; x_wconf 89' lang='lat' dir='ltr'>agere</span> <span class='ocrx_word' id='word_1_60' title='bbox 1213 484 1273 523; x_wconf 90' lang='lat' dir='ltr'>his</span> <span class='ocrx_word' id='word_1_61' title='bbox 1286 485 1421 524; x_wconf 88' lang='lat' dir='ltr'>Tatius</span> <span class='ocrx_word' id='word_1_62' title='bbox 1438 487 1506 525; x_wconf 88' lang='lat' dir='ltr'>Sa-</span> 
     </span>
     <span class='ocr_line' id='line_1_9' title="bbox 89 541 1503 596; baseline -0.003 -13"><span class='ocrx_word' id='word_1_63' title='bbox 89 545 250 596; x_wconf 85' lang='lat' dir='ltr'>binique</span> <span class='ocrx_word' id='word_1_64' title='bbox 272 546 343 584; x_wconf 86' lang='lat' dir='ltr'>visi</span> <span class='ocrx_word' id='word_1_65' title='bbox 365 551 480 593; x_wconf 73' lang='lat' dir='ltr'>sunt,</span> <span class='ocrx_word' id='word_1_66' title='bbox 507 545 582 596; x_wconf 85' lang='lat' dir='ltr'>ipsi</span> <span class='ocrx_word' id='word_1_67' title='bbox 609 545 712 583; x_wconf 84' lang='lat' dir='ltr'>inter</span> <span class='ocrx_word' id='word_1_68' title='bbox 735 557 776 582; x_wconf 87' lang='lat' dir='ltr'>se</span> <span class='ocrx_word' id='word_1_69' title='bbox 797 550 877 582; x_wconf 88' lang='lat' dir='ltr'>tres</span> <span class='ocrx_word' id='word_1_70' title='bbox 899 543 1034 594; x_wconf 90' lang='lat' dir='ltr'>populi</span> <span class='ocrx_word' id='word_1_71' title='bbox 1064 541 1329 582; x_wconf 83' lang='lat' dir='ltr'>communiter</span> <span class='ocrx_word' id='word_1_72' title='bbox 1357 542 1503 580; x_wconf 86' lang='lat' dir='ltr'>bellum</span> 
     </span>
     <span class='ocr_line' id='line_1_10' title="bbox 89 599 1503 653; baseline -0.004 -12"><span class='ocrx_word' id='word_1_73' title='bbox 89 607 236 653; x_wconf 89' lang='lat' dir='ltr'>parant.</span> <span class='ocrx_word' id='word_1_74' title='bbox 268 614 318 641; x_wconf 90' lang='lat' dir='ltr'>ne</span> <span class='ocrx_word' id='word_1_75' title='bbox 335 602 577 641; x_wconf 86' lang='lat' dir='ltr'>Crustumini</span> <span class='ocrx_word' id='word_1_76' title='bbox 595 601 755 652; x_wconf 86' lang='lat' dir='ltr'>quidem</span> <span class='ocrx_word' id='word_1_77' title='bbox 772 606 889 651; x_wconf 88' lang='lat' dir='ltr'>atque</span> <span class='ocrx_word' id='word_1_78' title='bbox 904 601 1162 638; x_wconf 84' lang='lat' dir='ltr'>Antemnates</span> <span class='ocrx_word' id='word_1_79' title='bbox 1180 611 1251 650; x_wconf 83' lang='lat' dir='ltr'>pro</span> <span class='ocrx_word' id='word_1_80' title='bbox 1268 599 1409 637; x_wconf 86' lang='lat' dir='ltr'>ardore</span> <span class='ocrx_word' id='word_1_81' title='bbox 1426 599 1503 637; x_wconf 89' lang='lat' dir='ltr'>ira—</span> 
     </span>
     <span class='ocr_line' id='line_1_11' title="bbox 87 656 1503 710; baseline -0.003 -13"><span class='ocrx_word' id='word_1_82' title='bbox 87 671 164 710; x_wconf 89' lang='lat' dir='ltr'>que</span> <span class='ocrx_word' id='word_1_83' title='bbox 182 659 488 697; x_wconf 85' lang='lat' dir='ltr'>Caeninensium</span> <span class='ocrx_word' id='word_1_84' title='bbox 509 658 602 697; x_wconf 89' lang='lat' dir='ltr'>satis</span> <span class='ocrx_word' id='word_1_85' title='bbox 623 671 664 696; x_wconf 86' lang='lat' dir='ltr'>se</span> <span class='ocrx_word' id='word_1_86' title='bbox 686 657 836 708; x_wconf 84' lang='lat' dir='ltr'>inpigre</span> <span class='ocrx_word' id='word_1_87' title='bbox 854 662 1031 696; x_wconf 87' lang='lat' dir='ltr'>movent:</span> <span class='ocrx_word' id='word_1_88' title='bbox 1054 657 1104 695; x_wconf 87' lang='lat' dir='ltr'>ita</span> <span class='ocrx_word' id='word_1_89' title='bbox 1122 669 1193 708; x_wconf 86' lang='lat' dir='ltr'>per</span> <span class='ocrx_word' id='word_1_90' title='bbox 1214 668 1255 694; x_wconf 87' lang='lat' dir='ltr'>se</span> <span class='ocrx_word' id='word_1_91' title='bbox 1277 656 1408 707; x_wconf 88' lang='lat' dir='ltr'>ipsum</span> <span class='ocrx_word' id='word_1_92' title='bbox 1430 667 1503 693; x_wconf 92' lang='lat' dir='ltr'>no-</span> 
     </span>
     <span class='ocr_line' id='line_1_12' title="bbox 89 712 1502 766; baseline -0.002 -12"><span class='ocrx_word' id='word_1_93' title='bbox 89 727 183 754; x_wconf 89' lang='lat' dir='ltr'>men</span> <span class='ocrx_word' id='word_1_94' title='bbox 205 714 422 754; x_wconf 87' lang='lat' dir='ltr'>Caeninum</span> <span class='ocrx_word' id='word_1_95' title='bbox 451 716 491 754; x_wconf 90' lang='lat' dir='ltr'>in</span> <span class='ocrx_word' id='word_1_96' title='bbox 519 727 653 766; x_wconf 85' lang='lat' dir='ltr'>agrum</span> <span class='ocrx_word' id='word_1_97' title='bbox 678 715 900 753; x_wconf 88' lang='lat' dir='ltr'>Romanum</span> <span class='ocrx_word' id='word_1_98' title='bbox 928 714 1118 764; x_wconf 88' lang='lat' dir='ltr'>impetum</span> <span class='ocrx_word' id='word_1_99' title='bbox 1152 713 1253 752; x_wconf 86' lang='lat' dir='ltr'>facit.</span> <span class='ocrx_word' id='word_1_100' title='bbox 1291 713 1357 751; x_wconf 88' lang='lat' dir='ltr'>sed</span> <span class='ocrx_word' id='word_1_101' title='bbox 1382 712 1502 751; x_wconf 81' lang='lat' dir='ltr'>effuse</span> 
     </span>
     <span class='ocr_line' id='line_1_13' title="bbox 88 769 1501 821; baseline -0.001 -12"><span class='ocrx_word' id='word_1_102' title='bbox 88 772 331 811; x_wconf 88' lang='lat' dir='ltr'>vastantibus</span> <span class='ocrx_word' id='word_1_103' title='bbox 353 773 396 810; x_wconf 83' lang='lat' dir='ltr'>tit</span> <span class='ocrx_word' id='word_1_104' title='bbox 417 772 553 811; x_wconf 89' lang='lat' dir='ltr'>obvius</span> <span class='ocrx_word' id='word_1_105' title='bbox 571 784 659 810; x_wconf 90' lang='lat' dir='ltr'>cum</span> <span class='ocrx_word' id='word_1_106' title='bbox 685 771 858 810; x_wconf 86' lang='lat' dir='ltr'>exercitu</span> <span class='ocrx_word' id='word_1_107' title='bbox 876 771 1089 817; x_wconf 78' lang='lat' dir='ltr'>Romulus,</span> <span class='ocrx_word' id='word_1_108' title='bbox 1112 770 1266 821; x_wconf 87' lang='lat' dir='ltr'>levique</span> <span class='ocrx_word' id='word_1_109' title='bbox 1287 769 1501 807; x_wconf 85' lang='lat' dir='ltr'>certamine</span> 
     </span>
     <span class='ocr_line' id='line_1_14' title="bbox 88 827 1504 877; baseline -0.001 -11"><span class='ocrx_word' id='word_1_110' title='bbox 88 829 204 867; x_wconf 85' lang='lat' dir='ltr'>docet</span> <span class='ocrx_word' id='word_1_111' title='bbox 224 840 365 868; x_wconf 82' lang='lat' dir='ltr'>vanam</span> <span class='ocrx_word' id='word_1_112' title='bbox 387 829 472 867; x_wconf 89' lang='lat' dir='ltr'>sine</span> <span class='ocrx_word' id='word_1_113' title='bbox 493 829 639 867; x_wconf 88' lang='lat' dir='ltr'>viribus</span> <span class='ocrx_word' id='word_1_114' title='bbox 661 828 760 866; x_wconf 89' lang='lat' dir='ltr'>iram</span> <span class='ocrx_word' id='word_1_115' title='bbox 783 840 881 867; x_wconf 87' lang='lat' dir='ltr'>esse.</span> <span class='ocrx_word' id='word_1_116' title='bbox 918 827 1131 866; x_wconf 85' lang='lat' dir='ltr'>exercitum</span> <span class='ocrx_word' id='word_1_117' title='bbox 1155 827 1286 865; x_wconf 87' lang='lat' dir='ltr'>fundit</span> <span class='ocrx_word' id='word_1_118' title='bbox 1306 827 1504 877; x_wconf 77' lang='lat' dir='ltr'>fugatque,</span> 
     </span>
     <span class='ocr_line' id='line_1_15' title="bbox 91 883 1505 936; baseline -0.002 -12"><span class='ocrx_word' id='word_1_119' title='bbox 91 886 221 924; x_wconf 84' lang='lat' dir='ltr'>susum</span> <span class='ocrx_word' id='word_1_120' title='bbox 244 886 512 936; x_wconf 83' lang='lat' dir='ltr'>persequitur;</span> <span class='ocrx_word' id='word_1_121' title='bbox 542 896 670 935; x_wconf 84' lang='lat' dir='ltr'>regem</span> <span class='ocrx_word' id='word_1_122' title='bbox 692 885 735 923; x_wconf 91' lang='lat' dir='ltr'>in</span> <span class='ocrx_word' id='word_1_123' title='bbox 756 885 902 935; x_wconf 87' lang='lat' dir='ltr'>proelio</span> <span class='ocrx_word' id='word_1_124' title='bbox 925 884 1133 922; x_wconf 85' lang='lat' dir='ltr'>obtruncat</span> <span class='ocrx_word' id='word_1_125' title='bbox 1156 888 1192 922; x_wconf 86' lang='lat' dir='ltr'>et</span> <span class='ocrx_word' id='word_1_126' title='bbox 1215 883 1375 934; x_wconf 67' lang='lat' dir='ltr'>spoliat,</span> <span class='ocrx_word' id='word_1_127' title='bbox 1407 883 1505 921; x_wconf 87' lang='lat' dir='ltr'>duce</span> 
     </span>
     <span class='ocr_line' id='line_1_16' title="bbox 91 939 1508 992; baseline -0.001 -13"><span class='ocrx_word' id='word_1_128' title='bbox 91 942 263 980; x_wconf 82' lang='lat' dir='ltr'>hostium</span> <span class='ocrx_word' id='word_1_129' title='bbox 285 943 412 981; x_wconf 84' lang='lat' dir='ltr'>occiso</span> <span class='ocrx_word' id='word_1_130' title='bbox 430 942 569 980; x_wconf 83' lang='lat' dir='ltr'>urbem</span> <span class='ocrx_word' id='word_1_131' title='bbox 589 942 716 992; x_wconf 88' lang='lat' dir='ltr'>primo</span> <span class='ocrx_word' id='word_1_132' title='bbox 734 941 886 992; x_wconf 88' lang='lat' dir='ltr'>impetu</span> <span class='ocrx_word' id='word_1_133' title='bbox 903 940 1016 991; x_wconf 83' lang='lat' dir='ltr'>capit.</span> <span class='ocrx_word' id='word_1_134' title='bbox 1048 940 1143 978; x_wconf 89' lang='lat' dir='ltr'>Inde</span> <span class='ocrx_word' id='word_1_135' title='bbox 1166 940 1339 979; x_wconf 82' lang='lat' dir='ltr'>exercitu</span> <span class='ocrx_word' id='word_1_136' title='bbox 1361 939 1508 978; x_wconf 88' lang='lat' dir='ltr'>victore</span> 
     </span>
     <span class='ocr_line' id='line_1_17' title="bbox 91 997 1510 1049; baseline -0.001 -14"><span class='ocrx_word' id='word_1_137' title='bbox 91 998 253 1037; x_wconf 81' lang='lat' dir='ltr'>reducto</span> <span class='ocrx_word' id='word_1_138' title='bbox 269 998 366 1049; x_wconf 86' lang='lat' dir='ltr'>ipse,</span> <span class='ocrx_word' id='word_1_139' title='bbox 389 1011 477 1037; x_wconf 83' lang='lat' dir='ltr'>cum</span> <span class='ocrx_word' id='word_1_140' title='bbox 495 998 607 1037; x_wconf 85' lang='lat' dir='ltr'>factis</span> <span class='ocrx_word' id='word_1_141' title='bbox 625 998 683 1036; x_wconf 92' lang='lat' dir='ltr'>vir</span> <span class='ocrx_word' id='word_1_142' title='bbox 704 997 935 1048; x_wconf 81' lang='lat' dir='ltr'>magnificus</span> <span class='ocrx_word' id='word_1_143' title='bbox 958 1003 1042 1035; x_wconf 90' lang='lat' dir='ltr'>tum</span> <span class='ocrx_word' id='word_1_144' title='bbox 1064 997 1259 1036; x_wconf 83' lang='lat' dir='ltr'>factorum</span> <span class='ocrx_word' id='word_1_145' title='bbox 1290 1002 1510 1035; x_wconf 87' lang='lat' dir='ltr'>ostentator</span> 
     </span>
    </p>
   </div>
   <div class='ocr_carea' id='block_1_6' title="bbox 1533 558 1550 585">
    <p class='ocr_par' dir='ltr' id='par_1_6' title="bbox 1533 558 1550 585">
     <span class='ocr_line' id='line_1_18' title="bbox 1533 558 1550 585; baseline 0.176 -3"><span class='ocrx_word' id='word_1_146' title='bbox 1533 558 1550 585; x_wconf 71' lang='lat'>:5</span> 
     </span>
    </p>
   </div>
   <div class='ocr_carea' id='block_1_7' title="bbox 90 1089 772 2585">
    <p class='ocr_par' dir='ltr' id='par_1_7' title="bbox 90 1089 772 2585">
     <span class='ocr_line' id='line_1_19' title="bbox 90 1089 763 1131; baseline 0.001 -11"><span class='ocrx_word' id='word_1_147' title='bbox 90 1107 136 1112; x_wconf 89' lang='lat'>—-</span> <span class='ocrx_word' id='word_1_148' title='bbox 152 1092 226 1121; x_wconf 79' lang='lat' dir='ltr'>tum</span> <span class='ocrx_word' id='word_1_149' title='bbox 243 1100 301 1131; x_wconf 85' lang='lat' dir='ltr'>m.,</span> <span class='ocrx_word' id='word_1_150' title='bbox 330 1090 452 1130; x_wconf 77' lang='lat' dir='ltr'>gerade</span> <span class='ocrx_word' id='word_1_151' title='bbox 470 1090 520 1131; x_wconf 86' lang='lat' dir='ltr'>da,</span> <span class='ocrx_word' id='word_1_152' title='bbox 543 1100 596 1121; x_wconf 88' lang='lat' dir='ltr'>um</span> <span class='ocrx_word' id='word_1_153' title='bbox 615 1089 676 1121; x_wconf 85' lang='lat' dir='ltr'>den</span> <span class='ocrx_word' id='word_1_154' title='bbox 696 1089 763 1121; x_wconf 87' lang='lat' dir='ltr'>Ge-</span> 
     </span>
     <span class='ocr_line' id='line_1_20' title="bbox 90 1135 764 1175; baseline -0.001 -9"><span class='ocrx_word' id='word_1_155' title='bbox 90 1139 232 1175; x_wconf 80' lang='lat' dir='ltr'>gensatz</span> <span class='ocrx_word' id='word_1_156' title='bbox 249 1146 289 1167; x_wconf 82' lang='lat' dir='ltr'>zu</span> <span class='ocrx_word' id='word_1_157' title='bbox 307 1137 378 1167; x_wconf 85' lang='lat' dir='ltr'>iam</span> <span class='ocrx_word' id='word_1_158' title='bbox 401 1146 442 1166; x_wconf 88' lang='lat' dir='ltr'>zu</span> <span class='ocrx_word' id='word_1_159' title='bbox 458 1135 576 1166; x_wconf 86' lang='lat' dir='ltr'>haben.</span> <span class='ocrx_word' id='word_1_160' title='bbox 600 1154 643 1158; x_wconf 92' lang='lat'>—</span> <span class='ocrx_word' id='word_1_161' title='bbox 669 1145 764 1166; x_wconf 75' lang='lat' dir='ltr'>nec—</span> 
     </span>
     <span class='ocr_line' id='line_1_21' title="bbox 90 1181 765 1221; baseline 0 -10"><span class='ocrx_word' id='word_1_162' title='bbox 90 1182 192 1220; x_wconf 67' lang='lat' dir='ltr'>cont„</span> <span class='ocrx_word' id='word_1_163' title='bbox 207 1181 419 1221; x_wconf 79' lang='lat' dir='ltr'>gewb’hniich</span> <span class='ocrx_word' id='word_1_164' title='bbox 430 1181 587 1213; x_wconf 84' lang='lat' dir='ltr'>bedeutet</span> <span class='ocrx_word' id='word_1_165' title='bbox 597 1182 765 1212; x_wconf 78' lang='lat' dir='ltr'>continere</span> 
     </span>
     <span class='ocr_line' id='line_1_22' title="bbox 93 1226 764 1258; baseline 0.001 -2"><span class='ocrx_word' id='word_1_166' title='bbox 93 1226 334 1258; x_wconf 77' lang='lat' dir='ltr'>zuriickhalten</span> <span class='ocrx_word' id='word_1_167' title='bbox 350 1227 443 1258; x_wconf 87' lang='lat' dir='ltr'>nicht</span> <span class='ocrx_word' id='word_1_168' title='bbox 458 1226 530 1258; x_wconf 85' lang='lat' dir='ltr'>laut</span> <span class='ocrx_word' id='word_1_169' title='bbox 543 1227 679 1258; x_wconf 85' lang='lat' dir='ltr'>werden</span> <span class='ocrx_word' id='word_1_170' title='bbox 697 1226 764 1257; x_wconf 82' lang='lat' dir='ltr'>las-</span> 
     </span>
     <span class='ocr_line' id='line_1_23' title="bbox 92 1271 762 1314; baseline 0.001 -13"><span class='ocrx_word' id='word_1_171' title='bbox 92 1280 164 1311; x_wconf 85' lang='lat' dir='ltr'>sen,</span> <span class='ocrx_word' id='word_1_172' title='bbox 182 1282 208 1302; x_wconf 89' lang='lat' dir='ltr'>s.</span> <span class='ocrx_word' id='word_1_173' title='bbox 227 1272 280 1311; x_wconf 86' lang='lat'>30,</span> <span class='ocrx_word' id='word_1_174' title='bbox 301 1272 352 1311; x_wconf 88' lang='lat'>17,</span> <span class='ocrx_word' id='word_1_175' title='bbox 371 1274 406 1303; x_wconf 84' lang='lat'>5:</span> <span class='ocrx_word' id='word_1_176' title='bbox 432 1273 574 1303; x_wconf 74' lang='lat' dir='ltr'>tacitum</span> <span class='ocrx_word' id='word_1_177' title='bbox 596 1271 762 1314; x_wconf 75' lang='lat' dir='ltr'>gaudium</span> 
     </span>
     <span class='ocr_line' id='line_1_24' title="bbox 93 1317 764 1360; baseline 0.003 -14"><span class='ocrx_word' id='word_1_178' title='bbox 93 1317 260 1348; x_wconf 76' lang='lat' dir='ltr'>continere</span> <span class='ocrx_word' id='word_1_179' title='bbox 286 1327 351 1348; x_wconf 81' lang='lat' dir='ltr'>non</span> <span class='ocrx_word' id='word_1_180' title='bbox 375 1320 545 1360; x_wconf 69' lang='lat' dir='ltr'>poterant,</span> <span class='ocrx_word' id='word_1_181' title='bbox 578 1318 637 1356; x_wconf 85' lang='grc'>40,</span> <span class='ocrx_word' id='word_1_182' title='bbox 666 1318 703 1354; x_wconf 89' lang='lat'>3,</span> <span class='ocrx_word' id='word_1_183' title='bbox 728 1318 764 1348; x_wconf 86' lang='lat'>5:</span> 
     </span>
     <span class='ocr_line' id='line_1_25' title="bbox 91 1362 766 1403; baseline 0 -11"><span class='ocrx_word' id='word_1_184' title='bbox 91 1363 195 1403; x_wconf 81' lang='lat' dir='ltr'>pauci</span> <span class='ocrx_word' id='word_1_185' title='bbox 216 1363 356 1394; x_wconf 74' lang='lat' dir='ltr'>tacitum</span> <span class='ocrx_word' id='word_1_186' title='bbox 386 1362 533 1394; x_wconf 81' lang='lat' dir='ltr'>dolorem</span> <span class='ocrx_word' id='word_1_187' title='bbox 557 1363 766 1394; x_wconf 68' lang='lat' dir='ltr'>continebant</span> 
     </span>
     <span class='ocr_line' id='line_1_26' title="bbox 91 1408 763 1450; baseline 0 -12"><span class='ocrx_word' id='word_1_188' title='bbox 91 1409 399 1450; x_wconf 74' lang='lat' dir='ltr'>eoesecratwuesque</span> <span class='ocrx_word' id='word_1_189' title='bbox 426 1428 452 1432; x_wconf 78' lang='lat'><em>-</em></span> <span class='ocrx_word' id='word_1_190' title='bbox 477 1408 763 1440; x_wconf 68' lang='lat' dir='ltr'>emaudt&#39;ebantur.</span> 
     </span>
     <span class='ocr_line' id='line_1_27' title="bbox 94 1453 765 1493; baseline 0.001 -11"><span class='ocrx_word' id='word_1_191' title='bbox 94 1455 331 1485; x_wconf 72' lang='lat' dir='ltr'>nec—tautum</span> <span class='ocrx_word' id='word_1_192' title='bbox 356 1454 446 1485; x_wconf 86' lang='lat' dir='ltr'>steht</span> <span class='ocrx_word' id='word_1_193' title='bbox 472 1454 548 1486; x_wconf 86' lang='lat' dir='ltr'>hier</span> <span class='ocrx_word' id='word_1_194' title='bbox 572 1453 675 1493; x_wconf 88' lang='lat' dir='ltr'>nicht,</span> <span class='ocrx_word' id='word_1_195' title='bbox 699 1453 765 1484; x_wconf 88' lang='lat' dir='ltr'>wie</span> 
     </span>
     <span class='ocr_line' id='line_1_28' title="bbox 94 1498 767 1540; baseline 0.001 -12"><span class='ocrx_word' id='word_1_196' title='bbox 94 1498 314 1535; x_wconf 78' lang='lat' dir='ltr'>gewo&#39;hnlich,</span> <span class='ocrx_word' id='word_1_197' title='bbox 333 1499 366 1530; x_wconf 91' lang='lat' dir='ltr'>in</span> <span class='ocrx_word' id='word_1_198' title='bbox 377 1499 435 1530; x_wconf 88' lang='lat' dir='ltr'>der</span> <span class='ocrx_word' id='word_1_199' title='bbox 444 1499 653 1540; x_wconf 82' lang='lat' dir='ltr'>Bedeutung:</span> <span class='ocrx_word' id='word_1_200' title='bbox 673 1499 767 1530; x_wconf 86' lang='lat' dir='ltr'>nieht</span> 
     </span>
     <span class='ocr_line' id='line_1_29' title="bbox 97 1542 767 1583; baseline 0.006 -12"><span class='ocrx_word' id='word_1_201' title='bbox 97 1552 158 1572; x_wconf 87' lang='lat' dir='ltr'>nur</span> <span class='ocrx_word' id='word_1_202' title='bbox 174 1542 232 1574; x_wconf 75' lang='lat' dir='ltr'>sed</span> <span class='ocrx_word' id='word_1_203' title='bbox 248 1545 449 1583; x_wconf 82' lang='lat' dir='ltr'>gegeniiber,</span> <span class='ocrx_word' id='word_1_204' title='bbox 467 1544 611 1576; x_wconf 86' lang='lat' dir='ltr'>sondern</span> <span class='ocrx_word' id='word_1_205' title='bbox 630 1544 697 1576; x_wconf 86' lang='lat' dir='ltr'>wie</span> <span class='ocrx_word' id='word_1_206' title='bbox 712 1544 767 1583; x_wconf 85' lang='lat'>39,</span> 
     </span>
     <span class='ocr_line' id='line_1_30' title="bbox 100 1586 767 1625; baseline 0.001 -6"><span class='ocrx_word' id='word_1_207' title='bbox 100 1586 150 1625; x_wconf 87' lang='lat'>17,</span> <span class='ocrx_word' id='word_1_208' title='bbox 170 1589 204 1618; x_wconf 86' lang='lat'>4:</span> <span class='ocrx_word' id='word_1_209' title='bbox 222 1597 280 1618; x_wconf 77' lang='lat' dir='ltr'>nec</span> <span class='ocrx_word' id='word_1_210' title='bbox 293 1590 464 1620; x_wconf 77' lang='lat' dir='ltr'>moenibus</span> <span class='ocrx_word' id='word_1_211' title='bbox 477 1600 512 1620; x_wconf 75' lang='lat' dir='ltr'>se</span> <span class='ocrx_word' id='word_1_212' title='bbox 525 1591 657 1620; x_wconf 76' lang='lat' dir='ltr'>tantum.</span> <span class='ocrx_word' id='word_1_213' title='bbox 671 1590 767 1621; x_wconf 79' lang='lat' dir='ltr'>urbis</span> 
     </span>
     <span class='ocr_line' id='line_1_31' title="bbox 97 1634 768 1676; baseline 0.006 -14"><span class='ocrx_word' id='word_1_214' title='bbox 97 1634 234 1672; x_wconf 56' lang='lat' dir='ltr'>iterr0r)</span> <span class='ocrx_word' id='word_1_215' title='bbox 252 1651 272 1654; x_wconf 98' lang='lat'><em>-</em></span> <span class='ocrx_word' id='word_1_216' title='bbox 289 1636 463 1674; x_wconf 73' lang='lat' dir='ltr'>continuit,</span> <span class='ocrx_word' id='word_1_217' title='bbox 492 1634 551 1665; x_wconf 76' lang='lat' dir='ltr'>sed</span> <span class='ocrx_word' id='word_1_218' title='bbox 564 1636 695 1676; x_wconf 76' lang='lat' dir='ltr'>passim</span> <span class='ocrx_word' id='word_1_219' title='bbox 709 1643 768 1676; x_wconf 78' lang='lat' dir='ltr'>per</span> 
     </span>
     <span class='ocr_line' id='line_1_32' title="bbox 94 1677 767 1722; baseline 0.004 -15"><span class='ocrx_word' id='word_1_220' title='bbox 94 1679 201 1708; x_wconf 63' lang='lat' dir='ltr'>totam</span> <span class='ocrx_word' id='word_1_221' title='bbox 223 1677 362 1710; x_wconf 79' lang='lat' dir='ltr'>Italiam</span> <span class='ocrx_word' id='word_1_222' title='bbox 387 1699 415 1702; x_wconf 98' lang='lat'><strong>—</strong></span> <span class='ocrx_word' id='word_1_223' title='bbox 431 1679 596 1722; x_wconf 75' lang='lat' dir='ltr'>trepidari</span> <span class='ocrx_word' id='word_1_224' title='bbox 617 1682 767 1721; x_wconf 71' lang='lat' dir='ltr'>coeptum</span> 
     </span>
     <span class='ocr_line' id='line_1_33' title="bbox 94 1723 768 1764; baseline 0.004 -12"><span class='ocrx_word' id='word_1_225' title='bbox 94 1725 161 1760; x_wconf 73' lang='lat' dir='ltr'>est,</span> <span class='ocrx_word' id='word_1_226' title='bbox 176 1723 241 1761; x_wconf 84' lang='lat' dir='ltr'>vgl.</span> <span class='ocrx_word' id='word_1_227' title='bbox 252 1724 306 1763; x_wconf 85' lang='lat'>41,</span> <span class='ocrx_word' id='word_1_228' title='bbox 322 1724 376 1764; x_wconf 83' lang='lat'>22,</span> <span class='ocrx_word' id='word_1_229' title='bbox 392 1725 422 1764; x_wconf 84' lang='lat'>7,</span> <span class='ocrx_word' id='word_1_230' title='bbox 436 1725 501 1756; x_wconf 89' lang='lat' dir='ltr'>und</span> <span class='ocrx_word' id='word_1_231' title='bbox 517 1725 582 1756; x_wconf 87' lang='lat' dir='ltr'>wie</span> <span class='ocrx_word' id='word_1_232' title='bbox 596 1734 660 1755; x_wconf 77' lang='lat' dir='ltr'>non</span> <span class='ocrx_word' id='word_1_233' title='bbox 671 1724 768 1756; x_wconf 84' lang='lat' dir='ltr'>modo</span> 
     </span>
     <span class='ocr_line' id='line_1_34' title="bbox 96 1768 769 1812; baseline 0.003 -13"><span class='ocrx_word' id='word_1_234' title='bbox 96 1768 149 1807; x_wconf 87' lang='lat'>31,</span> <span class='ocrx_word' id='word_1_235' title='bbox 168 1768 223 1807; x_wconf 89' lang='lat'>26,</span> <span class='ocrx_word' id='word_1_236' title='bbox 244 1768 299 1800; x_wconf 91' lang='lat'>12:</span> <span class='ocrx_word' id='word_1_237' title='bbox 317 1780 418 1811; x_wconf 75' lang='lat' dir='ltr'>neque</span> <span class='ocrx_word' id='word_1_238' title='bbox 431 1769 567 1801; x_wconf 74' lang='lat' dir='ltr'>diruere</span> <span class='ocrx_word' id='word_1_239' title='bbox 577 1770 674 1801; x_wconf 83' lang='lat' dir='ltr'>modo</span> <span class='ocrx_word' id='word_1_240' title='bbox 694 1772 769 1812; x_wconf 74' lang='lat' dir='ltr'>ipsa</span> 
     </span>
     <span class='ocr_line' id='line_1_35' title="bbox 92 1812 769 1857; baseline 0.004 -14"><span class='ocrx_word' id='word_1_241' title='bbox 92 1812 217 1856; x_wconf 70' lang='lat' dir='ltr'>templa</span> <span class='ocrx_word' id='word_1_242' title='bbox 255 1834 261 1837; x_wconf 93' lang='lat'><em>-</em></span> <span class='ocrx_word' id='word_1_243' title='bbox 283 1816 366 1846; x_wconf 75' lang='lat' dir='ltr'>satis</span> <span class='ocrx_word' id='word_1_244' title='bbox 394 1816 529 1853; x_wconf 76' lang='lat' dir='ltr'>habuit,</span> <span class='ocrx_word' id='word_1_245' title='bbox 559 1815 617 1847; x_wconf 75' lang='lat' dir='ltr'>sed</span> <span class='ocrx_word' id='word_1_246' title='bbox 644 1815 769 1857; x_wconf 72' lang='lat' dir='ltr'>lapide-s·</span> 
     </span>
     <span class='ocr_line' id='line_1_36' title="bbox 95 1861 769 1902; baseline 0.003 -13"><span class='ocrx_word' id='word_1_247' title='bbox 95 1868 219 1900; x_wconf 75' lang='lat' dir='ltr'>quoque</span> <span class='ocrx_word' id='word_1_248' title='bbox 235 1861 402 1902; x_wconf 73' lang='lat' dir='ltr'>—srmeg-z‘</span> <span class='ocrx_word' id='word_1_249' title='bbox 419 1862 534 1902; x_wconf 62' lang='lat' dir='ltr'>ius-set,</span> <span class='ocrx_word' id='word_1_250' title='bbox 552 1872 577 1893; x_wconf 92' lang='lat' dir='ltr'>s.</span> <span class='ocrx_word' id='word_1_251' title='bbox 595 1861 649 1900; x_wconf 81' lang='lat'>24,</span> <span class='ocrx_word' id='word_1_252' title='bbox 672 1861 722 1901; x_wconf 78' lang='lat'>18,</span> <span class='ocrx_word' id='word_1_253' title='bbox 738 1861 769 1900; x_wconf 78' lang='lat'>7,</span> 
     </span>
     <span class='ocr_line' id='line_1_37' title="bbox 96 1904 768 1946; baseline 0.004 -13"><span class='ocrx_word' id='word_1_254' title='bbox 96 1913 147 1933; x_wconf 89' lang='lat' dir='ltr'>wo</span> <span class='ocrx_word' id='word_1_255' title='bbox 162 1904 258 1936; x_wconf 86' lang='lat' dir='ltr'>modo</span> <span class='ocrx_word' id='word_1_256' title='bbox 270 1906 334 1936; x_wconf 89' lang='lat' dir='ltr'>und</span> <span class='ocrx_word' id='word_1_257' title='bbox 348 1907 472 1938; x_wconf 87' lang='lat' dir='ltr'>diesem</span> <span class='ocrx_word' id='word_1_258' title='bbox 493 1907 616 1946; x_wconf 84' lang='lat' dir='ltr'>analog</span> <span class='ocrx_word' id='word_1_259' title='bbox 633 1908 768 1937; x_wconf 71' lang='lat' dir='ltr'>tuntum</span> 
     </span>
     <span class='ocr_line' id='line_1_38' title="bbox 95 1947 769 1984; baseline 0.007 -5"><span class='ocrx_word' id='word_1_260' title='bbox 95 1947 150 1980; x_wconf 79' lang='lat' dir='ltr'>fiir</span> <span class='ocrx_word' id='word_1_261' title='bbox 174 1950 246 1981; x_wconf 87' lang='lat' dir='ltr'>sich</span> <span class='ocrx_word' id='word_1_262' title='bbox 270 1961 311 1981; x_wconf 92' lang='lat' dir='ltr'>zu</span> <span class='ocrx_word' id='word_1_263' title='bbox 334 1953 471 1983; x_wconf 85' lang='lat' dir='ltr'>nehmeu</span> <span class='ocrx_word' id='word_1_264' title='bbox 498 1953 560 1984; x_wconf 87' lang='lat' dir='ltr'>ist:</span> <span class='ocrx_word' id='word_1_265' title='bbox 583 1964 636 1984; x_wconf 90' lang='lat' dir='ltr'>um</span> <span class='ocrx_word' id='word_1_266' title='bbox 662 1957 769 1984; x_wconf 79' lang='lat' dir='ltr'>etwas</span> 
     </span>
     <span class='ocr_line' id='line_1_39' title="bbox 96 1994 768 2038; baseline 0.004 -13"><span class='ocrx_word' id='word_1_267' title='bbox 96 1994 263 2035; x_wconf 75' lang='lat' dir='ltr'>Miissiges</span> <span class='ocrx_word' id='word_1_268' title='bbox 274 2007 314 2027; x_wconf 88' lang='lat' dir='ltr'>zu</span> <span class='ocrx_word' id='word_1_269' title='bbox 329 2007 441 2038; x_wconf 79' lang='lat' dir='ltr'>sagea,</span> <span class='ocrx_word' id='word_1_270' title='bbox 460 1998 526 2030; x_wconf 86' lang='lat' dir='ltr'>wie</span> <span class='ocrx_word' id='word_1_271' title='bbox 544 1999 574 2029; x_wconf 89' lang='lat' dir='ltr'>in</span> <span class='ocrx_word' id='word_1_272' title='bbox 593 2008 656 2029; x_wconf 77' lang='lat' dir='ltr'>non</span> <span class='ocrx_word' id='word_1_273' title='bbox 671 1997 768 2029; x_wconf 83' lang='lat' dir='ltr'>modo</span> 
     </span>
     <span class='ocr_line' id='line_1_40' title="bbox 96 2040 768 2083; baseline 0.006 -13"><span class='ocrx_word' id='word_1_274' title='bbox 96 2058 117 2061; x_wconf 86' lang='lat'>—</span> <span class='ocrx_word' id='word_1_275' title='bbox 133 2040 192 2071; x_wconf 77' lang='lat' dir='ltr'>sed</span> <span class='ocrx_word' id='word_1_276' title='bbox 214 2051 255 2072; x_wconf 80' lang='lat' dir='ltr'>ne</span> <span class='ocrx_word' id='word_1_277' title='bbox 272 2042 412 2083; x_wconf 71' lang='lat' dir='ltr'>quidem,</span> <span class='ocrx_word' id='word_1_278' title='bbox 439 2053 467 2074; x_wconf 85' lang='lat' dir='ltr'>S.</span> <span class='ocrx_word' id='word_1_279' title='bbox 485 2055 525 2075; x_wconf 85' lang='lat' dir='ltr'>zu</span> <span class='ocrx_word' id='word_1_280' title='bbox 555 2046 581 2083; x_wconf 87' lang='lat'>1,</span> <span class='ocrx_word' id='word_1_281' title='bbox 600 2045 655 2083; x_wconf 86' lang='lat'>40,</span> <span class='ocrx_word' id='word_1_282' title='bbox 673 2044 710 2081; x_wconf 76' lang='lat'>2;</span> <span class='ocrx_word' id='word_1_283' title='bbox 738 2044 768 2081; x_wconf 71' lang='lat'>4,</span> 
     </span>
     <span class='ocr_line' id='line_1_41' title="bbox 98 2085 769 2124; baseline 0.007 -9"><span class='ocrx_word' id='word_1_284' title='bbox 98 2085 128 2124; x_wconf 87' lang='lat'>3,</span> <span class='ocrx_word' id='word_1_285' title='bbox 148 2087 200 2118; x_wconf 91' lang='grc'>10.</span> <span class='ocrx_word' id='word_1_286' title='bbox 225 2104 267 2109; x_wconf 90' lang='lat'>—-</span> <span class='ocrx_word' id='word_1_287' title='bbox 285 2087 344 2119; x_wconf 83' lang='lat' dir='ltr'>sed</span> <span class='ocrx_word' id='word_1_288' title='bbox 367 2089 457 2120; x_wconf 88' lang='lat' dir='ltr'>steht</span> <span class='ocrx_word' id='word_1_289' title='bbox 482 2088 532 2120; x_wconf 88' lang='lat' dir='ltr'>oft</span> <span class='ocrx_word' id='word_1_290' title='bbox 555 2089 608 2120; x_wconf 90' lang='lat' dir='ltr'>bei</span> <span class='ocrx_word' id='word_1_291' title='bbox 628 2089 664 2120; x_wconf 90' lang='lat' dir='ltr'>L.</span> <span class='ocrx_word' id='word_1_292' title='bbox 686 2089 769 2120; x_wconf 79' lang='lat' dir='ltr'>ohne</span> 
     </span>
     <span class='ocr_line' id='line_1_42' title="bbox 96 2131 770 2175; baseline 0.007 -15"><span class='ocrx_word' id='word_1_293' title='bbox 96 2131 211 2171; x_wconf 78' lang='lat' dir='ltr'>etiam,</span> <span class='ocrx_word' id='word_1_294' title='bbox 230 2142 326 2163; x_wconf 85' lang='lat' dir='ltr'>wenn</span> <span class='ocrx_word' id='word_1_295' title='bbox 342 2133 401 2165; x_wconf 84' lang='lat' dir='ltr'>der</span> <span class='ocrx_word' id='word_1_296' title='bbox 414 2134 536 2166; x_wconf 88' lang='lat' dir='ltr'>zweite</span> <span class='ocrx_word' id='word_1_297' title='bbox 552 2135 680 2175; x_wconf 74' lang='lat' dir='ltr'>Begriff</span> <span class='ocrx_word' id='word_1_298' title='bbox 691 2134 770 2165; x_wconf 87' lang='lat' dir='ltr'>oder</span> 
     </span>
     <span class='ocr_line' id='line_1_43' title="bbox 98 2175 770 2211; baseline 0.007 -5"><span class='ocrx_word' id='word_1_299' title='bbox 98 2175 257 2208; x_wconf 84' lang='lat' dir='ltr'>Gedanke</span> <span class='ocrx_word' id='word_1_300' title='bbox 274 2178 333 2209; x_wconf 88' lang='lat' dir='ltr'>den</span> <span class='ocrx_word' id='word_1_301' title='bbox 349 2185 464 2211; x_wconf 85' lang='lat' dir='ltr'>ersten</span> <span class='ocrx_word' id='word_1_302' title='bbox 481 2181 573 2211; x_wconf 87' lang='lat' dir='ltr'>nicht</span> <span class='ocrx_word' id='word_1_303' title='bbox 588 2180 679 2211; x_wconf 87' lang='lat' dir='ltr'>bloss</span> <span class='ocrx_word' id='word_1_304' title='bbox 694 2190 770 2211; x_wconf 88' lang='lat' dir='ltr'>ver-</span> 
     </span>
     <span class='ocr_line' id='line_1_44' title="bbox 97 2222 770 2266; baseline 0.007 -15"><span class='ocrx_word' id='word_1_305' title='bbox 97 2222 217 2262; x_wconf 82' lang='lat' dir='ltr'>mehrt,</span> <span class='ocrx_word' id='word_1_306' title='bbox 242 2223 386 2255; x_wconf 85' lang='lat' dir='ltr'>sondern</span> <span class='ocrx_word' id='word_1_307' title='bbox 411 2224 564 2266; x_wconf 84' lang='lat' dir='ltr'>umfasst,</span> <span class='ocrx_word' id='word_1_308' title='bbox 589 2236 615 2256; x_wconf 91' lang='lat' dir='ltr'>s.</span> <span class='ocrx_word' id='word_1_309' title='bbox 636 2227 690 2265; x_wconf 71' lang='lat'>31,</span> <span class='ocrx_word' id='word_1_310' title='bbox 715 2225 770 2265; x_wconf 83' lang='lat'>22,</span> 
     </span>
     <span class='ocr_line' id='line_1_45' title="bbox 99 2267 770 2304; baseline 0.007 -7"><span class='ocrx_word' id='word_1_311' title='bbox 99 2267 130 2304; x_wconf 78' lang='lat'>7,</span> <span class='ocrx_word' id='word_1_312' title='bbox 156 2268 237 2299; x_wconf 84' lang='lat' dir='ltr'>oder</span> <span class='ocrx_word' id='word_1_313' title='bbox 263 2269 315 2300; x_wconf 88' lang='lat' dir='ltr'>als</span> <span class='ocrx_word' id='word_1_314' title='bbox 334 2269 559 2302; x_wconf 85' lang='lat' dir='ltr'>bedeutender</span> <span class='ocrx_word' id='word_1_315' title='bbox 577 2270 770 2302; x_wconf 83' lang='lat' dir='ltr'>demselben</span> 
     </span>
     <span class='ocr_line' id='line_1_46' title="bbox 95 2313 769 2356; baseline 0.007 -13"><span class='ocrx_word' id='word_1_316' title='bbox 95 2313 538 2355; x_wconf 71' lang='lat' dir='ltr'>gegeniibergestelltwird,</span> <span class='ocrx_word' id='word_1_317' title='bbox 550 2317 632 2356; x_wconf 84' lang='lat' dir='ltr'>s.21,</span> <span class='ocrx_word' id='word_1_318' title='bbox 645 2317 769 2355; x_wconf 59' lang='lat'>4:3,153</span> 
     </span>
     <span class='ocr_line' id='line_1_47' title="bbox 98 2359 764 2402; baseline 0.012 -16"><span class='ocrx_word' id='word_1_319' title='bbox 98 2361 129 2392; x_wconf 78' lang='lat' dir='ltr'>z,</span> <span class='ocrx_word' id='word_1_320' title='bbox 145 2359 210 2397; x_wconf 78' lang='lat'>2,7.</span> <span class='ocrx_word' id='word_1_321' title='bbox 230 2378 272 2381; x_wconf 83' lang='lat'>——</span> <span class='ocrx_word' id='word_1_322' title='bbox 290 2359 402 2401; x_wconf 63' lang='lat' dir='ltr'>legat„</span> <span class='ocrx_word' id='word_1_323' title='bbox 418 2371 481 2391; x_wconf 85' lang='lat' dir='ltr'>von</span> <span class='ocrx_word' id='word_1_324' title='bbox 493 2362 553 2393; x_wconf 88' lang='lat' dir='ltr'>den</span> <span class='ocrx_word' id='word_1_325' title='bbox 564 2360 764 2402; x_wconf 71' lang='lat' dir='ltr'>staaten‚§1</span> 
     </span>
     <span class='ocr_line' id='line_1_48' title="bbox 97 2404 772 2448; baseline 0.009 -16"><span class='ocrx_word' id='word_1_326' title='bbox 97 2404 267 2442; x_wconf 66' lang='lat' dir='ltr'>civitates,</span> <span class='ocrx_word' id='word_1_327' title='bbox 292 2407 493 2448; x_wconf 74' lang='lat' dir='ltr'>congregab.</span> <span class='ocrx_word' id='word_1_328' title='bbox 513 2407 565 2437; x_wconf 86' lang='lat' dir='ltr'>die</span> <span class='ocrx_word' id='word_1_329' title='bbox 584 2407 703 2438; x_wconf 83' lang='lat' dir='ltr'>Eltern</span> <span class='ocrx_word' id='word_1_330' title='bbox 721 2408 772 2438; x_wconf 89' lang='lat' dir='ltr'>als</span> 
     </span>
     <span class='ocr_line' id='line_1_49' title="bbox 98 2447 772 2492; baseline 0.006 -13"><span class='ocrx_word' id='word_1_331' title='bbox 98 2447 311 2482; x_wconf 82' lang='lat' dir='ltr'>Privatleute</span> <span class='ocrx_word' id='word_1_332' title='bbox 333 2451 352 2492; x_wconf 63' lang='grc' dir='ltr'>ξ</span> <span class='ocrx_word' id='word_1_333' title='bbox 371 2454 396 2483; x_wconf 91' lang='grc'>1.</span> <span class='ocrx_word' id='word_1_334' title='bbox 427 2471 462 2474; x_wconf 88' lang='grc'>-</span> <span class='ocrx_word' id='word_1_335' title='bbox 488 2450 638 2492; x_wconf 71' lang='lat' dir='ltr'>Tatium,</span> <span class='ocrx_word' id='word_1_336' title='bbox 657 2463 694 2483; x_wconf 83' lang='lat' dir='ltr'>er</span> <span class='ocrx_word' id='word_1_337' title='bbox 717 2463 772 2483; x_wconf 84' lang='lat' dir='ltr'>er-</span> 
     </span>
     <span class='ocr_line' id='line_1_50' title="bbox 97 2494 772 2537; baseline 0.01 -14"><span class='ocrx_word' id='word_1_338' title='bbox 97 2494 231 2527; x_wconf 84' lang='lat' dir='ltr'>scheint</span> <span class='ocrx_word' id='word_1_339' title='bbox 243 2497 294 2527; x_wconf 83' lang='lat' dir='ltr'>als</span> <span class='ocrx_word' id='word_1_340' title='bbox 312 2495 423 2537; x_wconf 76' lang='lat' dir='ltr'>Ro‘nig</span> <span class='ocrx_word' id='word_1_341' title='bbox 438 2498 498 2529; x_wconf 92' lang='lat' dir='ltr'>der</span> <span class='ocrx_word' id='word_1_342' title='bbox 515 2498 658 2529; x_wconf 82' lang='lat' dir='ltr'>Sabiuer</span> <span class='ocrx_word' id='word_1_343' title='bbox 672 2498 772 2529; x_wconf 85' lang='lat' dir='ltr'>iiber-</span> 
     </span>
     <span class='ocr_line' id='line_1_51' title="bbox 97 2539 770 2585; baseline 0.007 -16"><span class='ocrx_word' id='word_1_344' title='bbox 97 2539 367 2581; x_wconf 83' lang='lat' dir='ltr'>haupt,herrscht</span> <span class='ocrx_word' id='word_1_345' title='bbox 377 2543 457 2574; x_wconf 87' lang='lat' dir='ltr'>aber</span> <span class='ocrx_word' id='word_1_346' title='bbox 466 2554 528 2575; x_wconf 80' lang='lat' dir='ltr'>nui·</span> <span class='ocrx_word' id='word_1_347' title='bbox 539 2544 570 2574; x_wconf 91' lang='lat' dir='ltr'>in</span> <span class='ocrx_word' id='word_1_348' title='bbox 581 2545 732 2585; x_wconf 80' lang='lat' dir='ltr'>Cures,s.</span> <span class='ocrx_word' id='word_1_349' title='bbox 744 2554 770 2575; x_wconf 89' lang='lat' dir='ltr'>c.</span> 
     </span>
    </p>
   </div>
   <div class='ocr_carea' id='block_1_8' title="bbox 836 1087 1521 2537">
    <p class='ocr_par' dir='ltr' id='par_1_8' title="bbox 836 1087 1513 1584">
     <span class='ocr_line' id='line_1_52' title="bbox 838 1087 1509 1127; baseline -0.006 -5"><span class='ocrx_word' id='word_1_350' title='bbox 838 1089 888 1122; x_wconf 79' lang='lat'>13.</span> <span class='ocrx_word' id='word_1_351' title='bbox 916 1088 977 1120; x_wconf 86' lang='lat' dir='ltr'>Die</span> <span class='ocrx_word' id='word_1_352' title='bbox 1001 1089 1075 1120; x_wconf 86' lang='lat' dir='ltr'>hier</span> <span class='ocrx_word' id='word_1_353' title='bbox 1092 1092 1281 1127; x_wconf 84' lang='lat' dir='ltr'>gcnannteu</span> <span class='ocrx_word' id='word_1_354' title='bbox 1300 1087 1417 1119; x_wconf 63' lang='lat' dir='ltr'>Stfidte</span> <span class='ocrx_word' id='word_1_355' title='bbox 1434 1088 1509 1119; x_wconf 90' lang='lat' dir='ltr'>sind</span> 
     </span>
     <span class='ocr_line' id='line_1_53' title="bbox 836 1132 1508 1176; baseline -0.001 -10"><span class='ocrx_word' id='word_1_356' title='bbox 836 1134 984 1175; x_wconf 86' lang='lat' dir='ltr'>ihm‚wie</span> <span class='ocrx_word' id='word_1_357' title='bbox 993 1132 1177 1176; x_wconf 78' lang='lat' dir='ltr'>legationes</span> <span class='ocrx_word' id='word_1_358' title='bbox 1185 1133 1508 1173; x_wconf 80' lang='lat' dir='ltr'>zeigt,nichtunte1·-</span> 
     </span>
     <span class='ocr_line' id='line_1_54' title="bbox 836 1177 1504 1220; baseline 0 -10"><span class='ocrx_word' id='word_1_359' title='bbox 836 1178 976 1220; x_wconf 82' lang='lat' dir='ltr'>worfen,</span> <span class='ocrx_word' id='word_1_360' title='bbox 996 1190 1022 1210; x_wconf 91' lang='lat' dir='ltr'>s.</span> <span class='ocrx_word' id='word_1_361' title='bbox 1037 1179 1057 1220; x_wconf 60' lang='grc' dir='ltr'><strong>ξ</strong></span> <span class='ocrx_word' id='word_1_362' title='bbox 1071 1180 1101 1211; x_wconf 88' lang='lat'>4.</span> <span class='ocrx_word' id='word_1_363' title='bbox 1120 1198 1163 1201; x_wconf 97' lang='lat'><strong>—</strong></span> <span class='ocrx_word' id='word_1_364' title='bbox 1181 1177 1275 1219; x_wconf 75' lang='lat' dir='ltr'>lente,</span> <span class='ocrx_word' id='word_1_365' title='bbox 1292 1190 1332 1210; x_wconf 86' lang='lat' dir='ltr'>zu</span> <span class='ocrx_word' id='word_1_366' title='bbox 1346 1179 1504 1218; x_wconf 82' lang='lat' dir='ltr'>langsain.</span> 
     </span>
     <span class='ocr_line' id='line_1_55' title="bbox 836 1224 1507 1268; baseline 0.001 -12"><span class='ocrx_word' id='word_1_367' title='bbox 836 1244 878 1249; x_wconf 92' lang='lat'>—-</span> <span class='ocrx_word' id='word_1_368' title='bbox 895 1227 973 1268; x_wconf 79' lang='lat' dir='ltr'>ipsi,</span> <span class='ocrx_word' id='word_1_369' title='bbox 998 1225 1117 1263; x_wconf 69' lang='lat' dir='ltr'>selbst,</span> <span class='ocrx_word' id='word_1_370' title='bbox 1143 1225 1203 1256; x_wconf 90' lang='lat' dir='ltr'>mit</span> <span class='ocrx_word' id='word_1_371' title='bbox 1220 1225 1339 1264; x_wconf 79' lang='lat' dir='ltr'>eignen</span> <span class='ocrx_word' id='word_1_372' title='bbox 1359 1224 1507 1257; x_wconf 80' lang='lat' dir='ltr'>Mitteln.</span> 
     </span>
     <span class='ocr_line' id='line_1_56' title="bbox 837 1268 1507 1308; baseline -0.003 -6"><span class='ocrx_word' id='word_1_373' title='bbox 837 1272 921 1302; x_wconf 83' lang='lat' dir='ltr'>ohne</span> <span class='ocrx_word' id='word_1_374' title='bbox 953 1270 1136 1302; x_wconf 82' lang='lat' dir='ltr'>Riicksicht</span> <span class='ocrx_word' id='word_1_375' title='bbox 1165 1268 1225 1301; x_wconf 80' lang='lat' dir='ltr'>auf</span> <span class='ocrx_word' id='word_1_376' title='bbox 1249 1270 1389 1308; x_wconf 82' lang='lat' dir='ltr'>Tatius,</span> <span class='ocrx_word' id='word_1_377' title='bbox 1423 1269 1507 1301; x_wconf 80' lang='lat' dir='ltr'>wird</span> 
     </span>
     <span class='ocr_line' id='line_1_57' title="bbox 836 1314 1510 1354; baseline -0.004 -6"><span class='ocrx_word' id='word_1_378' title='bbox 836 1317 921 1348; x_wconf 82' lang='lat' dir='ltr'>auch</span> <span class='ocrx_word' id='word_1_379' title='bbox 938 1321 1034 1347; x_wconf 87' lang='lat' dir='ltr'>sonst</span> <span class='ocrx_word' id='word_1_380' title='bbox 1059 1315 1119 1346; x_wconf 88' lang='lat' dir='ltr'>mit</span> <span class='ocrx_word' id='word_1_381' title='bbox 1136 1317 1222 1346; x_wconf 80' lang='lat' dir='ltr'>inter</span> <span class='ocrx_word' id='word_1_382' title='bbox 1240 1326 1274 1346; x_wconf 85' lang='lat' dir='ltr'>se</span> <span class='ocrx_word' id='word_1_383' title='bbox 1301 1314 1510 1354; x_wconf 73' lang='lat' dir='ltr'>verbunden,</span> 
     </span>
     <span class='ocr_line' id='line_1_58' title="bbox 837 1361 1509 1401; baseline -0.003 -8"><span class='ocrx_word' id='word_1_384' title='bbox 837 1372 864 1393; x_wconf 92' lang='lat' dir='ltr'>s.</span> <span class='ocrx_word' id='word_1_385' title='bbox 883 1372 911 1392; x_wconf 85' lang='lat' dir='ltr'>e.</span> <span class='ocrx_word' id='word_1_386' title='bbox 932 1362 985 1401; x_wconf 79' lang='lat'>56,</span> <span class='ocrx_word' id='word_1_387' title='bbox 1014 1363 1070 1393; x_wconf 79' lang='lat'>11:</span> <span class='ocrx_word' id='word_1_388' title='bbox 1097 1361 1209 1392; x_wconf 85' lang='lat' dir='ltr'>dieses</span> <span class='ocrx_word' id='word_1_389' title='bbox 1226 1361 1344 1401; x_wconf 78' lang='lat' dir='ltr'>geho&#39;rt</span> <span class='ocrx_word' id='word_1_390' title='bbox 1369 1361 1452 1391; x_wconf 88' lang='lat' dir='ltr'>auch</span> <span class='ocrx_word' id='word_1_391' title='bbox 1471 1371 1509 1391; x_wconf 91' lang='lat' dir='ltr'>zu</span> 
     </span>
     <span class='ocr_line' id='line_1_59' title="bbox 836 1406 1512 1446; baseline -0.004 -7"><span class='ocrx_word' id='word_1_392' title='bbox 836 1407 1072 1446; x_wconf 68' lang='lat' dir='ltr'>communiter,</span> <span class='ocrx_word' id='word_1_393' title='bbox 1089 1406 1223 1437; x_wconf 74' lang='lat' dir='ltr'>{ihnlich</span> <span class='ocrx_word' id='word_1_394' title='bbox 1237 1407 1268 1445; x_wconf 78' lang='lat'>8,</span> <span class='ocrx_word' id='word_1_395' title='bbox 1284 1406 1338 1446; x_wconf 84' lang='lat'>24,</span> <span class='ocrx_word' id='word_1_396' title='bbox 1353 1406 1382 1436; x_wconf 79' lang='lat'>7:</span> <span class='ocrx_word' id='word_1_397' title='bbox 1396 1408 1512 1437; x_wconf 74' lang='lat' dir='ltr'>mutuo</span> 
     </span>
     <span class='ocr_line' id='line_1_60' title="bbox 837 1451 1513 1492; baseline -0.004 -8"><span class='ocrx_word' id='word_1_398' title='bbox 837 1454 926 1484; x_wconf 72' lang='lat' dir='ltr'>inter</span> <span class='ocrx_word' id='word_1_399' title='bbox 942 1451 1142 1489; x_wconf 74' lang='lat' dir='ltr'>sea11.ril1.&#39;o;</span> <span class='ocrx_word' id='word_1_400' title='bbox 1161 1452 1213 1492; x_wconf 84' lang='lat'>36,</span> <span class='ocrx_word' id='word_1_401' title='bbox 1226 1451 1279 1488; x_wconf 78' lang='lat'>39,</span> <span class='ocrx_word' id='word_1_402' title='bbox 1296 1452 1331 1483; x_wconf 85' lang='lat'>6:</span> <span class='ocrx_word' id='word_1_403' title='bbox 1350 1461 1406 1482; x_wconf 80' lang='lat' dir='ltr'>eas</span> <span class='ocrx_word' id='word_1_404' title='bbox 1423 1453 1513 1482; x_wconf 74' lang='lat' dir='ltr'>inter·</span> 
     </span>
     <span class='ocr_line' id='line_1_61' title="bbox 836 1496 1509 1540; baseline -0.004 -11"><span class='ocrx_word' id='word_1_405' title='bbox 836 1500 993 1540; x_wconf 76' lang='lat' dir='ltr'>segentes</span> <span class='ocrx_word' id='word_1_406' title='bbox 1010 1500 1129 1528; x_wconf 72' lang='lat' dir='ltr'>mutua</span> <span class='ocrx_word' id='word_1_407' title='bbox 1138 1498 1267 1539; x_wconf 79' lang='lat' dir='ltr'>—serre</span> <span class='ocrx_word' id='word_1_408' title='bbox 1279 1496 1426 1537; x_wconf 63' lang='lat' dir='ltr'>anaema,</span> <span class='ocrx_word' id='word_1_409' title='bbox 1442 1496 1509 1537; x_wconf 84' lang='lat' dir='ltr'>vgl.</span> 
     </span>
     <span class='ocr_line' id='line_1_62' title="bbox 839 1544 993 1584; baseline -0.006 -9"><span class='ocrx_word' id='word_1_410' title='bbox 839 1545 868 1584; x_wconf 79' lang='lat'>5,</span> <span class='ocrx_word' id='word_1_411' title='bbox 889 1544 944 1583; x_wconf 85' lang='lat'>40,</span> <span class='ocrx_word' id='word_1_412' title='bbox 964 1544 993 1575; x_wconf 74' lang='lat' dir='ltr'>S.</span> 
     </span>
    </p>

    <p class='ocr_par' dir='ltr' id='par_1_9' title="bbox 839 1586 1521 2490">
     <span class='ocr_line' id='line_1_63' title="bbox 884 1586 1512 1629; baseline -0.006 -9"><span class='ocrx_word' id='word_1_413' title='bbox 884 1589 960 1620; x_wconf 85' lang='lat'>3-4.</span> <span class='ocrx_word' id='word_1_414' title='bbox 995 1599 1030 1619; x_wconf 81' lang='lat' dir='ltr'>se</span> <span class='ocrx_word' id='word_1_415' title='bbox 1056 1608 1080 1611; x_wconf 89' lang='lat'><em>-</em></span> <span class='ocrx_word' id='word_1_416' title='bbox 1103 1590 1241 1626; x_wconf 78' lang='lat' dir='ltr'>movent,</span> <span class='ocrx_word' id='word_1_417' title='bbox 1269 1599 1294 1619; x_wconf 85' lang='lat' dir='ltr'>s.</span> <span class='ocrx_word' id='word_1_418' title='bbox 1313 1587 1366 1629; x_wconf 81' lang='grc'>24,</span> <span class='ocrx_word' id='word_1_419' title='bbox 1394 1586 1446 1627; x_wconf 82' lang='grc'>19,</span> <span class='ocrx_word' id='word_1_420' title='bbox 1473 1588 1512 1618; x_wconf 78' lang='lat'>5:</span> 
     </span>
     <span class='ocr_line' id='line_1_64' title="bbox 840 1632 1511 1676; baseline -0.003 -11"><span class='ocrx_word' id='word_1_421' title='bbox 840 1633 1007 1676; x_wconf 76' lang='lat' dir='ltr'>Campani</span> <span class='ocrx_word' id='word_1_422' title='bbox 1018 1635 1089 1664; x_wconf 80' lang='lat' dir='ltr'>iam.</span> <span class='ocrx_word' id='word_1_423' title='bbox 1102 1636 1271 1665; x_wconf 76' lang='lat' dir='ltr'>moventes</span> <span class='ocrx_word' id='word_1_424' title='bbox 1284 1644 1373 1667; x_wconf 74' lang='lat' dir='ltr'>sese:</span> <span class='ocrx_word' id='word_1_425' title='bbox 1390 1632 1444 1673; x_wconf 87' lang='lat'>23,</span> <span class='ocrx_word' id='word_1_426' title='bbox 1459 1633 1511 1671; x_wconf 79' lang='lat'>32,</span> 
     </span>
     <span class='ocr_line' id='line_1_65' title="bbox 843 1679 1514 1721; baseline -0.001 -11"><span class='ocrx_word' id='word_1_427' title='bbox 843 1680 891 1711; x_wconf 90' lang='lat'>13.</span> <span class='ocrx_word' id='word_1_428' title='bbox 912 1698 954 1702; x_wconf 89' lang='lat'><strong>—</strong></span> <span class='ocrx_word' id='word_1_429' title='bbox 971 1681 1033 1718; x_wconf 73' lang='lat' dir='ltr'>ita,</span> <span class='ocrx_word' id='word_1_430' title='bbox 1052 1690 1076 1710; x_wconf 90' lang='lat' dir='ltr'>s.</span> <span class='ocrx_word' id='word_1_431' title='bbox 1096 1690 1123 1710; x_wconf 93' lang='lat' dir='ltr'>c.</span> <span class='ocrx_word' id='word_1_432' title='bbox 1144 1680 1173 1717; x_wconf 81' lang='lat'>5,</span> <span class='ocrx_word' id='word_1_433' title='bbox 1193 1679 1222 1710; x_wconf 89' lang='lat'>4.</span> <span class='ocrx_word' id='word_1_434' title='bbox 1240 1688 1355 1721; x_wconf 72' lang='lat' dir='ltr'>—per</span> <span class='ocrx_word' id='word_1_435' title='bbox 1368 1680 1450 1718; x_wconf 61' lang='lat' dir='ltr'>sei„</span> <span class='ocrx_word' id='word_1_436' title='bbox 1465 1679 1514 1709; x_wconf 79' lang='lat' dir='ltr'>sie</span> 
     </span>
     <span class='ocr_line' id='line_1_66' title="bbox 840 1723 1513 1765; baseline -0.001 -10"><span class='ocrx_word' id='word_1_437' title='bbox 840 1724 960 1765; x_wconf 89' lang='lat' dir='ltr'>selbst,</span> <span class='ocrx_word' id='word_1_438' title='bbox 978 1724 1084 1755; x_wconf 86' lang='lat' dir='ltr'>allein</span> <span class='ocrx_word' id='word_1_439' title='bbox 1103 1723 1162 1755; x_wconf 87' lang='lat' dir='ltr'>auf</span> <span class='ocrx_word' id='word_1_440' title='bbox 1177 1724 1295 1764; x_wconf 79' lang='lat' dir='ltr'>eigene</span> <span class='ocrx_word' id='word_1_441' title='bbox 1315 1724 1419 1761; x_wconf 79' lang='lat' dir='ltr'>Hand,</span> <span class='ocrx_word' id='word_1_442' title='bbox 1444 1723 1513 1763; x_wconf 75' lang='lat' dir='ltr'>vgl.</span> 
     </span>
     <span class='ocr_line' id='line_1_67' title="bbox 840 1769 1512 1809; baseline -0.001 -8"><span class='ocrx_word' id='word_1_443' title='bbox 840 1770 870 1807; x_wconf 87' lang='lat'>2,</span> <span class='ocrx_word' id='word_1_444' title='bbox 891 1770 944 1809; x_wconf 80' lang='lat'>53,</span> <span class='ocrx_word' id='word_1_445' title='bbox 964 1770 994 1800; x_wconf 92' lang='lat'>4.</span> <span class='ocrx_word' id='word_1_446' title='bbox 1018 1787 1054 1791; x_wconf 70' lang='lat'>—-</span> <span class='ocrx_word' id='word_1_447' title='bbox 1075 1779 1203 1808; x_wconf 73' lang='lat' dir='ltr'>nomen,</span> <span class='ocrx_word' id='word_1_448' title='bbox 1229 1769 1296 1800; x_wconf 87' lang='lat' dir='ltr'>alle</span> <span class='ocrx_word' id='word_1_449' title='bbox 1320 1770 1373 1800; x_wconf 87' lang='lat' dir='ltr'>die</span> <span class='ocrx_word' id='word_1_450' title='bbox 1398 1769 1512 1801; x_wconf 85' lang='lat' dir='ltr'>diesen</span> 
     </span>
     <span class='ocr_line' id='line_1_68' title="bbox 840 1814 1513 1854; baseline -0.001 -8"><span class='ocrx_word' id='word_1_451' title='bbox 840 1814 965 1846; x_wconf 78' lang='lat' dir='ltr'>Nalnen</span> <span class='ocrx_word' id='word_1_452' title='bbox 991 1814 1123 1854; x_wconf 83' lang='lat' dir='ltr'>fiihren,</span> <span class='ocrx_word' id='word_1_453' title='bbox 1153 1815 1241 1846; x_wconf 87' lang='lat' dir='ltr'>steht</span> <span class='ocrx_word' id='word_1_454' title='bbox 1265 1815 1339 1846; x_wconf 86' lang='lat' dir='ltr'>hier</span> <span class='ocrx_word' id='word_1_455' title='bbox 1362 1825 1424 1846; x_wconf 90' lang='lat' dir='ltr'>vor</span> <span class='ocrx_word' id='word_1_456' title='bbox 1442 1815 1513 1846; x_wconf 85' lang='lat' dir='ltr'>dem</span> 
     </span>
     <span class='ocr_line' id='line_1_69' title="bbox 841 1860 1513 1902; baseline -0.001 -11"><span class='ocrx_word' id='word_1_457' title='bbox 841 1872 924 1892; x_wconf 89' lang='lat' dir='ltr'>nom.</span> <span class='ocrx_word' id='word_1_458' title='bbox 950 1871 1054 1902; x_wconf 87' lang='lat' dir='ltr'>prop.,</span> <span class='ocrx_word' id='word_1_459' title='bbox 1084 1861 1165 1892; x_wconf 82' lang='lat' dir='ltr'>weil</span> <span class='ocrx_word' id='word_1_460' title='bbox 1196 1870 1231 1891; x_wconf 85' lang='lat' dir='ltr'>es</span> <span class='ocrx_word' id='word_1_461' title='bbox 1260 1860 1320 1891; x_wconf 85' lang='lat' dir='ltr'>mit</span> <span class='ocrx_word' id='word_1_462' title='bbox 1344 1862 1453 1902; x_wconf 73' lang='lat' dir='ltr'>ipsum</span> <span class='ocrx_word' id='word_1_463' title='bbox 1481 1860 1513 1891; x_wconf 91' lang='lat' dir='ltr'>in</span> 
     </span>
     <span class='ocr_line' id='line_1_70' title="bbox 841 1906 1515 1945; baseline -0.003 -8"><span class='ocrx_word' id='word_1_464' title='bbox 841 1906 1060 1945; x_wconf 75' lang='lat' dir='ltr'>Verbindung</span> <span class='ocrx_word' id='word_1_465' title='bbox 1077 1906 1176 1944; x_wconf 75' lang='lat' dir='ltr'>tritt3</span> <span class='ocrx_word' id='word_1_466' title='bbox 1201 1906 1285 1936; x_wconf 84' lang='lat' dir='ltr'>ohne</span> <span class='ocrx_word' id='word_1_467' title='bbox 1303 1906 1354 1937; x_wconf 86' lang='lat' dir='ltr'>ein</span> <span class='ocrx_word' id='word_1_468' title='bbox 1375 1906 1515 1937; x_wconf 82' lang='lat' dir='ltr'>zweites</span> 
     </span>
     <span class='ocr_line' id='line_1_71' title="bbox 840 1951 1514 1991; baseline -0.001 -8"><span class='ocrx_word' id='word_1_469' title='bbox 840 1951 996 1983; x_wconf 86' lang='lat' dir='ltr'>Attribut</span> <span class='ocrx_word' id='word_1_470' title='bbox 1015 1951 1119 1983; x_wconf 83' lang='lat' dir='ltr'>neben</span> <span class='ocrx_word' id='word_1_471' title='bbox 1144 1952 1216 1982; x_wconf 89' lang='lat' dir='ltr'>dem</span> <span class='ocrx_word' id='word_1_472' title='bbox 1244 1962 1360 1983; x_wconf 86' lang='lat' dir='ltr'>nomen</span> <span class='ocrx_word' id='word_1_473' title='bbox 1385 1951 1514 1991; x_wconf 80' lang='lat' dir='ltr'>gentile</span> 
     </span>
     <span class='ocr_line' id='line_1_72' title="bbox 842 1996 1515 2036; baseline -0.003 -8"><span class='ocrx_word' id='word_1_474' title='bbox 842 1997 932 2028; x_wconf 82' lang='lat' dir='ltr'>steht</span> <span class='ocrx_word' id='word_1_475' title='bbox 955 2007 1073 2028; x_wconf 63' lang='lat' dir='ltr'>‘nomen</span> <span class='ocrx_word' id='word_1_476' title='bbox 1094 1997 1192 2036; x_wconf 80' lang='lat' dir='ltr'>nach3</span> <span class='ocrx_word' id='word_1_477' title='bbox 1217 1997 1282 2027; x_wconf 84' lang='lat' dir='ltr'>wie</span> <span class='ocrx_word' id='word_1_478' title='bbox 1308 2007 1347 2027; x_wconf 86' lang='lat' dir='ltr'>an</span> <span class='ocrx_word' id='word_1_479' title='bbox 1366 2007 1397 2027; x_wconf 93' lang='lat' dir='ltr'>u.</span> <span class='ocrx_word' id='word_1_480' title='bbox 1417 1997 1465 2028; x_wconf 86' lang='lat' dir='ltr'>St.</span> <span class='ocrx_word' id='word_1_481' title='bbox 1486 1996 1515 2030; x_wconf 84' lang='lat'>1,</span> 
     </span>
     <span class='ocr_line' id='line_1_73' title="bbox 842 2042 1518 2083; baseline -0.001 -10"><span class='ocrx_word' id='word_1_482' title='bbox 842 2043 897 2083; x_wconf 77' lang='lat'>38,</span> <span class='ocrx_word' id='word_1_483' title='bbox 915 2043 952 2082; x_wconf 73' lang='lat'>43</span> <span class='ocrx_word' id='word_1_484' title='bbox 979 2044 1008 2081; x_wconf 74' lang='lat'>7,</span> <span class='ocrx_word' id='word_1_485' title='bbox 1028 2043 1078 2081; x_wconf 78' lang='grc'>17,</span> <span class='ocrx_word' id='word_1_486' title='bbox 1096 2044 1133 2073; x_wconf 79' lang='lat'>6:</span> <span class='ocrx_word' id='word_1_487' title='bbox 1161 2043 1215 2079; x_wconf 72' lang='lat'>33,</span> <span class='ocrx_word' id='word_1_488' title='bbox 1242 2042 1294 2074; x_wconf 84' lang='lat'>20.</span> <span class='ocrx_word' id='word_1_489' title='bbox 1324 2044 1351 2074; x_wconf 93' lang='grc'>1.</span> <span class='ocrx_word' id='word_1_490' title='bbox 1380 2060 1417 2064; x_wconf 52' lang='grc'>-»</span> <span class='ocrx_word' id='word_1_491' title='bbox 1447 2043 1518 2073; x_wconf 70' lang='lat' dir='ltr'>se‘m‘</span> 
     </span>
     <span class='ocr_line' id='line_1_74' title="bbox 842 2085 1514 2128; baseline -0.003 -9"><span class='ocrx_word' id='word_1_492' title='bbox 842 2090 917 2125; x_wconf 57' lang='lat' dir='ltr'>vir„</span> <span class='ocrx_word' id='word_1_493' title='bbox 936 2098 1030 2119; x_wconf 85' lang='lat' dir='ltr'>wenn</span> <span class='ocrx_word' id='word_1_494' title='bbox 1050 2098 1087 2118; x_wconf 82' lang='lat' dir='ltr'>er</span> <span class='ocrx_word' id='word_1_495' title='bbox 1106 2089 1189 2119; x_wconf 82' lang='lat' dir='ltr'>ohne</span> <span class='ocrx_word' id='word_1_496' title='bbox 1205 2085 1324 2119; x_wconf 65' lang='lat' dir='ltr'>Iirtifte</span> <span class='ocrx_word' id='word_1_497' title='bbox 1340 2088 1443 2128; x_wconf 66' lang='lat' dir='ltr'>wtire,</span> <span class='ocrx_word' id='word_1_498' title='bbox 1463 2087 1514 2118; x_wconf 86' lang='lat' dir='ltr'>ein</span> 
     </span>
     <span class='ocr_line' id='line_1_75' title="bbox 842 2132 1519 2174; baseline -0.001 -10"><span class='ocrx_word' id='word_1_499' title='bbox 842 2132 1037 2174; x_wconf 84' lang='lat' dir='ltr'>kraftloser,</span> <span class='ocrx_word' id='word_1_500' title='bbox 1058 2144 1083 2164; x_wconf 91' lang='lat' dir='ltr'>s.</span> <span class='ocrx_word' id='word_1_501' title='bbox 1102 2144 1129 2165; x_wconf 86' lang='lat' dir='ltr'>e.</span> <span class='ocrx_word' id='word_1_502' title='bbox 1151 2135 1201 2172; x_wconf 79' lang='lat'>17,</span> <span class='ocrx_word' id='word_1_503' title='bbox 1221 2134 1258 2168; x_wconf 78' lang='lat'>4;</span> <span class='ocrx_word' id='word_1_504' title='bbox 1280 2135 1333 2171; x_wconf 81' lang='lat'>34,</span> <span class='ocrx_word' id='word_1_505' title='bbox 1353 2133 1383 2164; x_wconf 85' lang='lat'>6.</span> <span class='ocrx_word' id='word_1_506' title='bbox 1404 2152 1446 2155; x_wconf 86' lang='lat'><strong>—</strong></span> <span class='ocrx_word' id='word_1_507' title='bbox 1463 2142 1519 2163; x_wconf 72' lang='lat' dir='ltr'>re-</span> 
     </span>
     <span class='ocr_line' id='line_1_76' title="bbox 839 2177 1517 2220; baseline -0.001 -11"><span class='ocrx_word' id='word_1_508' title='bbox 839 2190 930 2220; x_wconf 71' lang='lat' dir='ltr'>gem,</span> <span class='ocrx_word' id='word_1_509' title='bbox 962 2180 994 2219; x_wconf 79' lang='lat'>4,</span> <span class='ocrx_word' id='word_1_510' title='bbox 1035 2179 1087 2218; x_wconf 83' lang='grc'>20,</span> <span class='ocrx_word' id='word_1_511' title='bbox 1125 2179 1161 2218; x_wconf 81' lang='grc'>2;</span> <span class='ocrx_word' id='word_1_512' title='bbox 1199 2177 1276 2209; x_wconf 84' lang='lat' dir='ltr'>CIL.</span> <span class='ocrx_word' id='word_1_513' title='bbox 1313 2177 1334 2209; x_wconf 90' lang='lat' dir='ltr'>l.</span> <span class='ocrx_word' id='word_1_514' title='bbox 1380 2189 1407 2219; x_wconf 86' lang='lat' dir='ltr'>p.</span> <span class='ocrx_word' id='word_1_515' title='bbox 1435 2178 1517 2209; x_wconf 81' lang='lat'>283:</span> 
     </span>
     <span class='ocr_line' id='line_1_77' title="bbox 843 2223 1517 2266; baseline -0.003 -10"><span class='ocrx_word' id='word_1_516' title='bbox 843 2223 1009 2256; x_wconf 72' lang='lat' dir='ltr'>Romulus</span> <span class='ocrx_word' id='word_1_517' title='bbox 1023 2226 1156 2266; x_wconf 74' lang='lat' dir='ltr'>primns</span> <span class='ocrx_word' id='word_1_518' title='bbox 1179 2223 1253 2255; x_wconf 65' lang='lat' dir='ltr'>dum</span> <span class='ocrx_word' id='word_1_519' title='bbox 1277 2223 1357 2255; x_wconf 73' lang='lat' dir='ltr'>duee</span> <span class='ocrx_word' id='word_1_520' title='bbox 1371 2225 1517 2255; x_wconf 70' lang='lat' dir='ltr'>hostium</span> 
     </span>
     <span class='ocr_line' id='line_1_78' title="bbox 844 2270 1521 2311; baseline -0.004 -10"><span class='ocrx_word' id='word_1_521' title='bbox 844 2271 1061 2311; x_wconf 67' lang='lat' dir='ltr'>Amvmerege</span> <span class='ocrx_word' id='word_1_522' title='bbox 1071 2270 1326 2301; x_wconf 69' lang='lat' dir='ltr'>Caeninensium</span> <span class='ocrx_word' id='word_1_523' title='bbox 1346 2270 1521 2311; x_wconf 57' lang='lat' dir='ltr'>interjectu</span> 
     </span>
     <span class='ocr_line' id='line_1_79' title="bbox 843 2313 1519 2357; baseline -0.003 -11"><span class='ocrx_word' id='word_1_524' title='bbox 843 2314 950 2357; x_wconf 72' lang='lat' dir='ltr'>spolia</span> <span class='ocrx_word' id='word_1_525' title='bbox 967 2317 1079 2357; x_wconf 77' lang='lat' dir='ltr'>opima</span> <span class='ocrx_word' id='word_1_526' title='bbox 1094 2315 1167 2346; x_wconf 70' lang='lat' dir='ltr'>Iovi</span> <span class='ocrx_word' id='word_1_527' title='bbox 1177 2313 1207 2345; x_wconf 85' lang='lat' dir='ltr'><em>F</em></span> <span class='ocrx_word' id='word_1_528' title='bbox 1206 2317 1328 2346; x_wconf 62' lang='lat' dir='ltr'>feretrio</span> <span class='ocrx_word' id='word_1_529' title='bbox 1349 2323 1519 2346; x_wconf 74' lang='lat' dir='ltr'>eonsecra-</span> 
     </span>
     <span class='ocr_line' id='line_1_80' title="bbox 846 2359 1517 2401; baseline -0.004 -9"><span class='ocrx_word' id='word_1_530' title='bbox 846 2363 907 2392; x_wconf 76' lang='lat' dir='ltr'>m&#39;l:</span> <span class='ocrx_word' id='word_1_531' title='bbox 926 2360 1025 2401; x_wconf 85' lang='lat' dir='ltr'>Prop.</span> <span class='ocrx_word' id='word_1_532' title='bbox 1046 2362 1064 2391; x_wconf 73' lang='grc' dir='ltr'>ἴ)</span> <span class='ocrx_word' id='word_1_533' title='bbox 1082 2361 1144 2397; x_wconf 79' lang='grc'>(4),</span> <span class='ocrx_word' id='word_1_534' title='bbox 1172 2362 1223 2397; x_wconf 86' lang='grc'>10,</span> <span class='ocrx_word' id='word_1_535' title='bbox 1243 2363 1271 2391; x_wconf 75' lang='lat'>7.</span> <span class='ocrx_word' id='word_1_536' title='bbox 1313 2361 1372 2391; x_wconf 82' lang='lat' dir='ltr'>Die</span> <span class='ocrx_word' id='word_1_537' title='bbox 1392 2359 1517 2390; x_wconf 80' lang='lat' dir='ltr'>einzel-</span> 
     </span>
     <span class='ocr_line' id='line_1_81' title="bbox 846 2405 1517 2437; baseline -0.004 0"><span class='ocrx_word' id='word_1_538' title='bbox 846 2416 906 2437; x_wconf 85' lang='lat' dir='ltr'>nen</span> <span class='ocrx_word' id='word_1_539' title='bbox 941 2406 1059 2437; x_wconf 66' lang='lat' dir='ltr'>Stl‘idte</span> <span class='ocrx_word' id='word_1_540' title='bbox 1100 2406 1204 2436; x_wconf 87' lang='lat' dir='ltr'>haben</span> <span class='ocrx_word' id='word_1_541' title='bbox 1246 2406 1297 2437; x_wconf 87' lang='lat' dir='ltr'>als</span> <span class='ocrx_word' id='word_1_542' title='bbox 1333 2405 1517 2437; x_wconf 67' lang='lat' dir='ltr'>besondere</span> 
     </span>
     <span class='ocr_line' id='line_1_82' title="bbox 845 2450 1235 2490; baseline -0.003 -8"><span class='ocrx_word' id='word_1_543' title='bbox 845 2452 982 2483; x_wconf 85' lang='lat' dir='ltr'>Staateu</span> <span class='ocrx_word' id='word_1_544' title='bbox 1004 2452 1077 2482; x_wconf 87' lang='lat' dir='ltr'>ihre</span> <span class='ocrx_word' id='word_1_545' title='bbox 1096 2450 1235 2490; x_wconf 66' lang='lat' dir='ltr'>litinige.</span> 
     </span>
    </p>

    <p class='ocr_par' dir='ltr' id='par_1_10' title="bbox 891 2495 1517 2537">
     <span class='ocr_line' id='line_1_83' title="bbox 891 2495 1517 2537; baseline -0.008 -9"><span class='ocrx_word' id='word_1_546' title='bbox 891 2499 920 2528; x_wconf 75' lang='grc' dir='ltr'>ἵ).</span> <span class='ocrx_word' id='word_1_547' title='bbox 959 2498 1091 2537; x_wconf 69' lang='lat' dir='ltr'>victore,</span> <span class='ocrx_word' id='word_1_548' title='bbox 1116 2507 1144 2527; x_wconf 85' lang='lat' dir='ltr'>e.</span> <span class='ocrx_word' id='word_1_549' title='bbox 1171 2497 1200 2536; x_wconf 80' lang='lat'>7,</span> <span class='ocrx_word' id='word_1_550' title='bbox 1228 2497 1256 2526; x_wconf 80' lang='lat'>5.</span> <span class='ocrx_word' id='word_1_551' title='bbox 1294 2514 1336 2517; x_wconf 92' lang='lat'>——</span> <span class='ocrx_word' id='word_1_552' title='bbox 1367 2495 1473 2535; x_wconf 70' lang='lat' dir='ltr'>saetis</span> <span class='ocrx_word' id='word_1_553' title='bbox 1506 2514 1517 2515; x_wconf 25' lang='grc' dir='ltr'><em>κ</em></span> 
     </span>
    </p>
   </div>
   <div class='ocr_carea' id='block_1_9' title="bbox 836 2541 1519 2584">
    <p class='ocr_par' dir='ltr' id='par_1_11' title="bbox 836 2541 1519 2584">
     <span class='ocr_line' id='line_1_84' title="bbox 836 2541 1519 2584; baseline -0.01 -10"><span class='ocrx_word' id='word_1_554' title='bbox 836 2543 1028 2584; x_wconf 65' lang='grc' dir='ltr'>ιΓοθιῖονιιηι,</span> <span class='ocrx_word' id='word_1_555' title='bbox 1053 2552 1079 2573; x_wconf 87' lang='lat' dir='ltr'>s.</span> <span class='ocrx_word' id='word_1_556' title='bbox 1107 2552 1134 2573; x_wconf 86' lang='lat' dir='ltr'>c.</span> <span class='ocrx_word' id='word_1_557' title='bbox 1163 2542 1193 2581; x_wconf 80' lang='lat'>7,</span> <span class='ocrx_word' id='word_1_558' title='bbox 1222 2541 1251 2572; x_wconf 78' lang='lat'>8.</span> <span class='ocrx_word' id='word_1_559' title='bbox 1277 2559 1319 2563; x_wconf 96' lang='lat'>—</span> <span class='ocrx_word' id='word_1_560' title='bbox 1338 2541 1519 2569; x_wconf 44' lang='lat' dir='ltr'>ostentato]-</span> 
     </span>
    </p>
   </div>
  </div>
 </body>
</html>
