1698 2864
111 489 129 520 5

110 767 129 798 6

109 992 126 1022 7

112 1103 132 1134 8

110 1215 130 1246 9

90 1385 130 1416 10

90 1495 127 1528 11

90 1774 130 1806 12

652 267 779 300 LIBER
796 268 837 301 V.
885 267 977 300 CAP.
999 268 1050 300 11.

1399 284 1425 303 a.
1446 285 1475 303 u.
1495 278 1557 304 353.

160 268 240 308 282

158 369 313 414 nucius,
333 369 473 420 trepidi
493 381 623 409 rerum
645 381 815 416 suarum,
837 369 875 407 in
899 369 1073 420 Sergium
1094 369 1392 422 Verginiumque
1413 371 1556 421 prioris

159 425 247 464 anni
267 425 444 464 tribunos
467 426 647 465 militares
670 426 889 473 incurrunt3
916 425 954 463 in
976 438 1042 464 eos
1065 425 1111 464 ab
1133 439 1174 465 se
1194 427 1290 465 iram
1313 426 1435 477 plebis
1457 427 1556 481 invi-

160 482 339 531 diamque
367 482 427 520 die
453 482 552 521 dicta
578 487 764 521 avertunt.
810 482 947 532 quibus
976 481 1157 527 dilectus,
1189 483 1328 533 quibus
1354 483 1555 527 tributum,

159 537 299 587 quibus
328 538 473 576 diutina
501 539 632 577 militia
654 537 994 588 longinquitasque
1014 537 1100 576 belli
1122 538 1171 577 sit
1192 539 1314 588 gravis
1328 570 1336 586 ‚
1367 540 1431 589 qui
1454 540 1557 578 clade

160 598 312 644 accepta
341 594 386 632 ad
409 594 521 632 Veios
550 595 722 639 doleant,
752 594 816 644 qui
838 594 992 632 amissis
1012 593 1142 632 liberis
1162 595 1364 641 fratribus,
1393 596 1557 646 propin-

159 649 244 700 quis
274 650 464 689 adiinibus
490 650 671 700 lugubres
699 651 838 688 domos
865 650 1046 696 habeant,
1086 650 1146 688 liis
1175 650 1316 701 publici
1345 651 1558 702 privatique

158 705 304 744 doloris
325 706 555 756 exsequendi
577 707 634 744 ius
657 711 963 756 potestatemque
984 718 1029 744 ex
1052 706 1204 745 duobus
1227 706 1351 745 noxiis
1369 707 1557 757 capitibus

159 761 284 799 datam
314 762 359 800 ab
388 774 429 800 se
458 767 687 800 memorant.
737 762 911 800 omnium
939 774 1105 813 namque
1133 762 1324 801 malorum
1353 762 1394 801 in
1422 763 1556 814 Sergio

159 817 413 867 Verginioque
430 830 562 856 causas
581 830 687 864 esse,
704 829 774 855 nec
791 817 826 856 id
846 823 1107 857 accusatorem
1126 818 1247 869 magis
1266 831 1423 869 arguere
1440 832 1557 870 quam

156 872 264 911 fateri
291 885 399 918 reos,
430 874 493 924 qui
521 874 625 912 noxii
651 873 763 912 ambo
795 874 890 912 alter
917 874 956 912 in
985 874 1145 914 alterum
1167 887 1319 914 causam
1342 875 1555 922 conferant,

157 928 285 978 fugam
309 929 430 979 Sergii
452 929 666 980 Verginius,
690 929 846 979 Sergius
868 930 1129 980 proditionem
1151 932 1356 982 increpans
1379 931 1557 982 Verginii.

159 997 323 1035 quorum
351 986 444 1023 adeo
467 986 732 1024 incredibilem
753 986 957 1024 amentiam
979 986 1117 1033 fuisse,
1143 991 1185 1026 ut
1205 988 1327 1026 multo
1349 988 1426 1026 veri
1448 988 1557 1026 simi-

156 1040 229 1078 lius
253 1041 302 1078 sit
323 1046 510 1091 conpecto
533 1054 615 1080 eam
638 1054 716 1080 rem
735 1047 771 1080 et
788 1043 986 1081 communi
1002 1043 1136 1082 fraude
1152 1044 1402 1094 patriciorum
1420 1049 1556 1083 actam.

159 1096 204 1134 ab
241 1097 303 1134 his
333 1102 370 1134 et
397 1097 502 1147 prius
531 1098 662 1136 datum
689 1098 818 1136 locum
849 1098 1066 1137 Veientibus
1094 1100 1140 1137 ad
1173 1100 1412 1138 incendenda
1441 1113 1557 1151 opera

157 1151 242 1190 belli
263 1153 435 1191 trahendi
459 1165 582 1200 causa,
607 1158 643 1191 et
663 1165 768 1191 nunc
788 1154 984 1204 proditum
1003 1156 1224 1202 exercitum,
1244 1155 1380 1194 tradita
1398 1156 1556 1195 Faliscis

158 1207 331 1246 Romana
360 1214 494 1247 castra.
539 1210 667 1247 omnia
694 1209 793 1255 fieri,
824 1215 865 1248 ut
886 1216 1141 1250 consenescat
1162 1212 1207 1250 ad
1230 1211 1344 1250 Veios
1366 1211 1556 1258 iuventus,

158 1275 228 1302 nec
249 1264 295 1302 de
316 1265 415 1314 agris
437 1276 508 1302 nec.
529 1266 574 1303 (le
596 1265 675 1303 aliis
697 1266 916 1304 commodis
938 1266 1060 1316 plebis
1082 1267 1183 1306 ferre
1204 1269 1250 1306 ad
1272 1268 1462 1318 populum
1482 1269 1557 1306 tri—

157 1319 249 1357 buni
276 1320 563 1371 frequentiaque
594 1321 739 1360 urbana
767 1321 959 1360 celebrare
986 1323 1157 1362 actiones
1186 1328 1223 1362 et
1250 1324 1430 1362 resistere
1460 1336 1557 1363 con-

157 1376 358 1426 spirationi
388 1376 635 1427 patriciorum
667 1377 832 1427 possint.
873 1378 1149 1429 praeiudicium
1178 1380 1255 1418 iam
1284 1380 1330 1418 de
1357 1380 1431 1419 reis
1454 1386 1491 1419 et
1510 1381 1555 1419 ab

158 1437 293 1470 senatu
313 1438 350 1471 et
371 1433 416 1471 ab
438 1434 582 1483 populo
601 1433 775 1471 Romano
799 1439 835 1472 et
856 1435 902 1472 ab
917 1434 1095 1485 ipsorum
1113 1435 1267 1486 collegis
1288 1436 1431 1475 factum
1449 1449 1553 1475 esse:

157 1500 246 1526 nam
268 1493 304 1526 et
325 1496 480 1527 senatus
503 1490 679 1528 consulto
703 1502 770 1527 eos
792 1490 837 1528 ab
859 1502 899 1529 re
919 1491 1067 1541 publica
1082 1497 1256 1530 remotos
1274 1505 1370 1540 esse,
1393 1498 1429 1531 et
1444 1505 1556 1531 recu—

159 1550 285 1582 santes
314 1545 488 1583 abdieare
517 1558 559 1583 se
587 1546 810 1595 magistratu
843 1547 1040 1585 dictatoris
1071 1552 1177 1586 metu
1198 1548 1243 1586 ab
1266 1548 1419 1599 collegis
1441 1561 1556 1587 coer-

157 1600 254 1638 citos
277 1613 380 1646 esse,
403 1606 440 1639 et
460 1601 646 1655 populum
669 1602 887 1641 Romanum
909 1603 1087 1641 tribunos
1110 1616 1270 1650 creasse,
1298 1604 1361 1655 qui
1382 1616 1463 1643 non
1483 1605 1557 1643 idi-

156 1655 228 1694 bus
262 1656 555 1703 Decembribus,
590 1658 649 1695 die
677 1658 874 1707 sollemni,
905 1659 970 1697 sed
1001 1661 1191 1710 extemplo
1220 1661 1299 1699 Kal.
1324 1660 1556 1699 Octobribus

156 1712 422 1762 magistratum
442 1713 671 1763 occiperent‚
695 1714 780 1764 quia
798 1720 898 1753 stare
915 1715 1057 1754 diutius
1074 1728 1134 1754 res
1152 1716 1301 1767 publica
1318 1717 1377 1755 his
1394 1729 1556 1756 manen-

158 1767 258 1806 tibus
286 1768 325 1806 in
355 1769 579 1818 magistratu
608 1781 687 1807 non
716 1776 867 1820 posset:
901 1778 937 1810 et
963 1778 1091 1810 tamen
1120 1785 1187 1811 eos
1209 1778 1267 1812 tot
1287 1773 1437 1812 iudiciis
1459 1786 1554 1811 con-

155 1823 285 1861 fossos
308 1825 681 1876 praedamnatosque
702 1826 830 1865 venire
852 1828 898 1865 ad
916 1828 1049 1878 populi
1066 1828 1262 1874 iudicium,
1286 1835 1322 1868 et
1339 1829 1556 1868 existimare

156 1879 357 1919 defunctos
381 1893 422 1919 se
442 1894 527 1919 esse
544 1882 714 1932 satisque
731 1895 945 1933 poenarum
964 1884 1129 1930 dedisse,
1153 1886 1256 1935 quod
1274 1885 1425 1924 duobus
1443 1898 1555 1924 men—

154 2001 248 2032 Nieb.
268 2002 305 2033 R.
327 2001 363 2033 G.
385 2002 415 2042 2,
435 2002 510 2034 558.
528 2021 572 2025 —
591 2004 714 2046 trepidi
730 2015 757 2036 ν.
777 2016 817 2045 3.,

156 2045 208 2084 36,
228 2045 278 2085 31,
297 2047 327 2076 4.
344 2065 385 2069 —
404 2049 521 2088 quibus
539 2048 592 2079 dil.
611 2053 673 2079 etc.
692 2049 751 2079 der
764 2049 815 2080 In-

156 2090 225 2121 halt
242 2091 301 2121 der
316 2091 567 2131 Anklagereden
587 2093 617 2123 in
633 2092 816 2124 Contionen

154 2135 218 2165 und
244 2135 314 2166 dem
334 2135 599 2175 Volksgerichte.
622 2155 666 2160 —
690 2149 816 2179 eoeseq„

154 2179 347 2219 gerichtlich
372 2191 412 2210 zu
435 2180 606 2220 verl'olgen
633 2182 697 2212 und
721 2193 756 2213 so
777 2193 817 2213 zu

155 2225 287 2263 rachim,
306 2235 330 2255 s.
346 2223 374 2265 3,
397 2224 447 2264 13,
466 2224 502 2263 33
522 2225 563 2256 ib,
580 2225 632 2265 25,
652 2226 681 2256 8.

202 2269 299 2299 7-11.
333 2272 489 2308 conpecto
508 2271 569 2300 wie
587 2269 751 2312 depecisci
766 2271 817 2303 bei

154 2313 290 2344 Plautus
309 2315 388 2344 nach
407 2315 466 2345 der
479 2315 637 2354 Analogie
656 2325 718 2346 von
738 2327 815 2348 con-

155 2360 293 2391 iectum:
319 2359 377 2389 der
402 2358 474 2390 ΑΜ.
494 2360 536 2391 ist
559 2361 728 2391 adverbial
752 2362 815 2393 wie

155 2402 186 2442 6,
202 2402 505 2446 33‚7:1'np1·0riso;
523 2405 727 2444 gewiilinlich
742 2407 817 2438 tritt

155 2459 199 2479 eoe
217 2449 325 2479 hinzu.
339 2466 381 2471 —
398 2459 457 2480 nec
475 2449 515 2480 de
531 2452 625 2491 agris
644 2455 720 2490 etc„
739 2461 764 2482 s.
784 2452 815 2492 4,

158 2492 216 2532 58,
250 2492 301 2523 12.
331 2511 373 2515 --
391 2495 571 2535 frequent.
593 2513 614 2517 —
637 2495 814 2536 celebrare,

156 2538 208 2568 bei
239 2538 442 2569 zablreiclier
463 2538 712 2580 Versammluug
737 2552 815 2572 ver-

156 2582 305 2621 handeln,
324 2584 423 2614 durch
443 2584 589 2616 dieselbe
608 2585 815 2617 ihnenWiir-

156 2627 194 2657 de
213 2628 327 2667 geben,
346 2629 412 2667 vgl.
431 2628 460 2669 3,
481 2628 534 2669 31,
552 2629 589 2666 23
609 2629 663 2670 44,
682 2629 735 2668 22,
756 2631 811 2662 17:

155 2672 315 2704 traditum
351 2676 403 2705 cst
432 2677 612 2707 memoriae
642 2677 772 2708 maiore
792 2695 814 2698 —

878 2006 1082 2047 frequentia
1091 2016 1281 2048 proseqnen
1288 2008 1370 2038 tlum
1386 2007 1554 2039 consulem

890 2050 1104 2082 celebratam.
1130 2068 1174 2073 —-
1199 2051 1444 2093 praeiudicium
1478 2058 1553 2092 etc„

889 2095 956 2133 vgl.
974 2094 1011 2134 3,
1035 2094 1094 2134 40,
1123 2094 1172 2126 11.
1190 2113 1234 2118 —
1250 2097 1290 2127 ab
1308 2107 1345 2128 re
1359 2097 1465 2140 puhl.‚
1489 2107 1551 2129 von

888 2139 947 2170 der
961 2139 1294 2179 Staatsverwaltung.
1309 2159 1354 2164 —-
1366 2143 1407 2173 ab
1424 2142 1506 2184 colL,
1525 2153 1552 2174 c.

889 2183 920 2223 9,
939 2184 970 2215 4.
987 2202 1031 2206 ——
1047 2187 1150 2226 stare,
1168 2185 1198 2225 4,
1219 2184 1247 2227 3,
1268 2185 1296 2217 7,

937 2273 985 2304 12.
1024 2275 1202 2315 confossos
1219 2285 1282 2306 von
1308 2275 1550 2316 Angeklagteu,

887 2318 1012 2349 welche
1050 2318 1146 2350 keine
1180 2320 1337 2352 Aussicht
1365 2323 1424 2352 aut'
1454 2321 1549 2353 Frei-

888 2364 1073 2404 sprechung
1092 2364 1213 2403 haben,
1243 2375 1269 2396 s.
1289 2365 1414 2396 Seneca
1432 2366 1471 2397 de
1489 2366 1550 2398 vit.
1595 2402 1598 2403 ⁷

890 2407 919 2438 b.
960 2408 1012 2448 27,
1047 2408 1084 2445 63
1119 2409 1201 2440 eben
1230 2420 1266 2440 so
1296 2410 1483 2452 iugulatus.
1507 2429 1552 2434 —

886 2453 1166 2495 praedamnatos,
1190 2455 1288 2485 durch
1308 2456 1365 2486 das
1384 2456 1552 2497 praeiudi-

888 2498 982 2529 cium.
1001 2516 1045 2521 —
1063 2502 1192 2539 venire,
1222 2510 1295 2530 man
1313 2501 1403 2532 hiitte
1422 2510 1550 2531 erwar-

887 2547 941 2573 ten
977 2544 1098 2585 sollen,
1131 2544 1207 2575 dass
1242 2545 1290 2576 sie
1327 2546 1357 2576 in
1391 2545 1448 2576 das
1473 2545 1550 2577 Exi!

885 2589 990 2627 gehen
1023 2589 1170 2620 wiirden.
1205 2607 1246 2612 —
1281 2589 1482 2631 defunctos,
1517 2590 1548 2629 4,

884 2632 998 2709 ἓ2,84.
1018 2652 1061 2657 -
1084 2634 1232 2675 duobus,
1258 2635 1493 2675 verringernd,
1519 2646 1547 2666 c.

913 2701 920 2717 ,
963 2702 968 2708 .
