1698 2864
80 1248 120 1281 10

158 180 235 220 134ζ
646 179 771 212 LIBER
788 180 840 213 Ill.
882 181 975 216 CAP.
994 182 1046 214 68.
1395 198 1422 216 a.
1443 199 1470 216 u.
1491 191 1552 217 308.

154 281 274 327 cules,
304 293 391 319 cum
419 281 608 332 stipendia
634 282 747 321 nobis
776 283 999 323 consulibus
1027 296 1108 323 non
1134 284 1298 324 tribunis
1320 284 1493 330 ducibus,
1517 290 1555 323 et

153 338 192 375 in
220 338 355 376 castris
388 349 468 376 non
495 338 533 376 in
553 338 639 377 foro
665 338 881 386 faciebatis,
912 345 950 379 et
978 341 1017 379 in
1045 341 1123 379 acie
1150 346 1318 380 vestrum
1342 341 1552 380 clamorem

152 394 306 438 hostes,
336 405 415 432 non
435 395 474 433 in
497 394 677 433 contione
697 401 824 446 patres
846 396 1011 435 Romani
1032 397 1251 444 horrebant,
1274 397 1412 448 praeda
1433 402 1554 449 parta,

153 462 244 500 agro
267 462 312 488 ex
333 450 446 489 hoste
467 456 598 502 capto,
618 451 720 502 pleni
740 452 984 491 fortunarum
1007 453 1225 504 gloriaeque
1247 454 1360 492 simul
1382 454 1554 504 publicae

153 506 268 544 simul
295 506 465 557 privatae
492 507 775 558 triumphantes
799 509 957 547 domum
976 509 1020 548 ad
1043 516 1200 560 penates
1222 510 1424 549 redibatis:
1447 522 1553 549 nunc

154 567 353 601 oneratum
389 564 523 602 vestris
558 564 726 602 fortunis
764 564 916 603 hostem
946 565 1049 604 abire
1079 565 1217 604 sinitis.
1263 566 1415 605 haerete
1440 566 1555 606 adfixi

154 619 399 658 contionibus
427 627 464 658 et
489 620 527 658 in
555 620 641 659 foro
664 620 790 658 vivite:
821 621 994 672 sequitur
1026 634 1095 661 vos
1118 623 1328 661 necessitas
1351 622 1553 669 militandi,

153 687 267 726 quam
296 675 443 726 fugitis.
493 689 605 726 grave
631 682 710 715 erat
730 676 769 714 in
790 678 945 728 Aequos
967 683 1005 717 et
1032 678 1191 717 Volscos
1222 678 1437 730 proficisci:
1466 684 1554 718 ante

151 736 284 782 portas
306 738 364 770 est
384 732 543 779 bellum3
568 733 599 770 si
621 732 710 771 inde
731 745 811 772 non
833 734 997 784 pellitur,
1021 735 1095 773 iam
1118 735 1217 773 intra
1238 734 1391 773 moenia
1412 734 1495 780 erit,
1518 740 1555 773 et

152 800 278 826 arcem
306 794 343 826 et
364 787 594 838 Capitolium
617 789 786 835 scandet,
810 796 847 828 et
869 791 907 829 in
925 791 1065 829 domos
1087 796 1232 829 vestras
1253 803 1321 829 vos
1343 803 1554 842 perseque-

151 849 225 882 tur.
266 843 421 882 biennio
451 850 538 883 ante
564 850 722 884 senatus
745 845 924 885 dilectum
946 846 1079 885 haberi
1101 852 1138 885 et
1158 847 1266 886 educi
1283 846 1492 886 exercitum
1513 848 1554 886 in

151 899 328 949 Algidum
349 901 483 939 iussit:
513 901 696 940 sedemus
728 902 879 942 desides
909 903 1014 941 domi
1036 903 1238 942 mulierum
1262 903 1338 942 ritu
1358 903 1459 942 inter
1479 915 1553 942 nos

152 955 397 1004 altercantes,
420 958 613 1008 praesenti
635 971 728 1008 pace
749 959 852 1006 laeti,
882 971 953 998 nec
974 965 1173 998 cernentes
1196 973 1240 998 ex
1263 960 1341 998 otio
1364 960 1425 998 illo
1447 959 1554 999 brevi

152 1013 349 1064 multiplex
364 1013 505 1052 bellum
517 1015 747 1053 rediturum.
788 1015 847 1054 his
859 1028 930 1066 ego
947 1016 1113 1066 gratiora
1127 1016 1230 1055 dictu
1251 1015 1322 1054 alia
1344 1029 1430 1054 esse
1452 1017 1553 1063 scio3

150 1069 216 1107 sed
239 1081 300 1107 me
322 1082 406 1108 vera
429 1082 499 1120 pro
523 1071 640 1121 gratis
662 1071 779 1121 loqui,
803 1072 874 1110 etsi
896 1084 1026 1110 meum
1048 1073 1246 1122 ingenium
1267 1084 1346 1110 non
1364 1078 1552 1119 moneret,

150 1126 358 1164 necessitas
395 1127 507 1176 cogit.
556 1127 687 1165 vellem
721 1127 896 1179 equidem
931 1128 1039 1167 vobis
1069 1129 1235 1180 placere,
1265 1128 1452 1175 Quirites,
1485 1129 1553 1167 sed

150 1182 270 1220 multo
295 1183 395 1220 malo
426 1195 493 1221 vos
517 1184 642 1221 salvos
668 1196 771 1230 esse,
800 1184 1069 1235 qualicumque
1089 1197 1176 1235 erga
1199 1197 1259 1223 me
1282 1185 1411 1223 animo
1433 1185 1552 1223 futuri

150 1238 255 1276 estis.
295 1244 431 1277 natura
448 1239 522 1277 hoc
541 1239 591 1278 ita
613 1246 880 1290 comparatum
902 1246 972 1285 est,
996 1246 1039 1279 ut
1059 1241 1122 1291 qui
1145 1242 1248 1291 apud
1267 1241 1552 1279 multitudinem

148 1306 216 1332 sua
246 1306 360 1333 causa
388 1295 559 1345 loquitur
584 1296 730 1346 gratior
757 1309 801 1334 eo
833 1297 900 1342 sit,
928 1297 1035 1335 cuius
1060 1309 1168 1335 mens
1192 1297 1284 1335 nihil
1306 1303 1457 1348 praeter
1477 1310 1552 1348 pu—

147 1349 290 1389 blicum
318 1352 570 1390 commodum
599 1352 716 1399 videt,
745 1353 820 1391 nisi
847 1353 948 1392 forte
970 1353 1234 1393 adsentatores
1258 1354 1446 1405 publicos,
1468 1354 1551 1405 ple-

149 1475 310 1513 entgehen
338 1474 479 1506 ko'nneu.
502 1493 540 1497 —-
562 1476 732 1518 stipendia
749 1481 814 1507 etc.

149 1519 192 1550 ist
215 1530 256 1550 zu
277 1520 374 1551 nobis
398 1530 489 1551 cons.
516 1520 679 1559 (ducibus)
705 1522 745 1552 im
764 1523 815 1552 ei-

149 1564 346 1605 gentlichen,
362 1575 402 1596 zu
417 1568 560 1597 tribunis
578 1566 652 1598 duc.
670 1567 710 1597 im
730 1566 814 1597 bild-

149 1609 255 1640 lichen
275 1609 377 1641 Siune
400 1621 440 1641 zu
460 1611 608 1642 nehmen.
642 1611 709 1642 Der
726 1612 814 1642 Aus-

149 1654 252 1685 druck
277 1655 382 1686 selbst
404 1656 448 1686 ist
470 1656 530 1686 der
559 1657 714 1698 spiiteren
739 1656 815 1687 Zeit

150 1699 310 1738 entlehnt,
327 1710 352 1731 s.
369 1700 398 1741 4,
413 1700 465 1731 59.
493 1700 675 1741 Uebrigens
691 1702 816 1743 sprieht

149 1744 209 1775 der
223 1743 354 1776 Redner
372 1745 443 1776 hier
460 1746 523 1776 und
541 1745 561 1787 ξ
582 1746 620 1777 12
639 1757 686 1784 so,
706 1747 755 1778 als
775 1747 814 1777 ob

149 1790 201 1820 die
226 1789 349 1821 letzten
374 1800 514 1829 grossen
533 1792 646 1831 siege,
673 1802 700 1823 c.
720 1791 760 1822 60
771 1792 815 1832 ff.,

149 1844 209 1865 vor
228 1834 344 1874 langor
363 1834 437 1866 Zeit
459 1836 591 1876 erlangt
607 1837 710 1868 seien.

203 1879 233 1910 7.
270 1881 403 1912 haerete
431 1885 512 1919 etc„
546 1882 597 1912 die
628 1881 724 1913 Form
756 1881 815 1912 des

151 1924 269 1956 Satzes
286 1926 350 1956 und
368 1926 425 1957 des
434 1925 597 1958 Verbums
615 1931 698 1958 statt
714 1929 815 1958 etiam

149 1972 181 2000 si
196 1970 375 2001 haer-ebitis
388 1989 409 1993 —
420 1974 578 2012 sequetur
595 1972 736 2012 steigert
753 1972 816 2003 den

152 2013 347 2052 Gedanken,
373 2016 433 2046 der
456 2017 522 2047 sich
546 2017 639 2047 mehr
659 2015 718 2048 auf
740 2017 815 2058 spii-

152 2063 224 2090 tere
248 2058 481 2091 Verbiiltnisse
512 2061 660 2099 bezieht,
689 2062 738 2092 als
762 2061 814 2092 die

149 2104 320 2143 unth'zitige
344 2105 461 2144 Menge
486 2106 554 2136 sich
577 2104 636 2136 auf
656 2106 728 2137 dem
748 2105 814 2137 Fo-

151 2159 220 2180 rum
244 2149 457 2181 herumtrieb.
479 2167 524 2172 —
541 2150 693 2189 scandet,
722 2151 814 2182 mehr

150 2193 347 2225 dichterisch
364 2193 424 2225 auf
437 2195 498 2226 den
516 2193 618 2235 Hrieg
636 2196 741 2227 selbst
758 2196 813 2227 be-

150 2248 271 2278 zogen,
300 2249 328 2270 c.
360 2238 419 2279 67,
452 2240 508 2271 11:
535 2251 607 2271 zum
634 2240 813 2272 Gedankeu

149 2283 216 2321 vgl.
248 2284 581 2326 Demosth.01ynth.
615 2285 643 2321 1
675 2285 814 2321 15:159

151 2340 191 2360 οι
196 2339 264 2364 τως
287 2325 420 2370 εὐήθης
441 2327 541 2362 ἐστὶν
564 2327 681 2381 ὑμῶι,
713 2326 813 2367 ὅστις

149 2370 280 2425 αγνοεῖ
299 2372 364 2407 τὸι
381 2373 523 2407 ἔκεΐθεα
533 2355 708 2426 noleptc’n
731 2374 814 2408 δεῦ-

151 2430 192 2462 ρο
206 2414 348 2461 ἥξοντα,
366 2416 679 2464 (ἲνααελήσωμεν.

195 2464 224 2495 8.
244 2466 385 2504 hiennio,
404 2475 429 2496 s.
449 2476 476 2496 c.
495 2465 546 2507 65,
564 2466 594 2504 6,
618 2466 675 2497 das
693 2467 812 2497 zweite

155 2510 230 2541 laur
259 2510 314 2541 hat
345 2515 417 2541 erst
444 2510 630 2550 begonnen,
661 2511 725 2542 und
754 2512 814 2542 der

158 2553 283 2586 ’riihere
303 2555 477 2587 Beschluss
496 2556 619 2587 konnte
636 2557 705 2588 sich
724 2557 813 2588 nicht

163 2598 208 2631 ⁴uf
227 2600 284 2631 das
307 2599 459 2641 folgende
483 2601 563 2632 Jahr
585 2601 760 2643 beziehen,
785 2612 812 2633 s.

887 1488 914 1508 c.
939 1476 995 1515 69,
1022 1476 1230 1517 6.—-ante,
1256 1487 1282 1507 S.
1307 1488 1334 1508 e.
1359 1476 1415 1517 51,
1442 1476 1552 1509 12.—

887 1502 1042 1554 sedemus
1060 1522 1148 1562 des„
1177 1522 1209 1561 1,
1233 1522 1289 1561 58,
1316 1522 1352 1554 7;
1380 1521 1495 1562 7,13,

887 1569 1078 1610 coum-'essm
1108 1586 1130 1589 —
1161 1568 1318 1598 manibus
1349 1567 1479 1599 sedeas.
1508 1585 1553 1589 ——

886 1613 1017 1644 multer.
1036 1615 1122 1652 utu,
1145 1622 1171 1643 s.
1191 1612 1282 1643 Hom.
1303 1611 1337 1643 ll.
1369 1611 1428 1652 20,
1453 1611 1517 1643 252
1529 1610 1551 1643 f.

886 1676 930 1680 ——
948 1660 1026 1698 otio,
1044 1658 1116 1688 hier
1133 1657 1362 1696 Unth'atigkeit
1378 1667 1483 1697 gegen
1502 1657 1554 1688 die

889 1702 1025 1741 Feinde‚
1042 1713 1069 1734 c.
1085 1702 1137 1743 65,
1151 1702 1170 1733 6
1185 1702 1373 1733 derFriede
1388 1702 1553 1733 zwisehen

887 1748 949 1779 den
968 1747 1132 1786 Stiinden3
1157 1748 1208 1778 ein
1229 1746 1468 1788 Widerspruch
1488 1747 1555 1778 bei-

888 1793 947 1824 der
971 1792 1098 1824 Stellen
1123 1792 1226 1824 findet
1248 1792 1318 1823 also
1346 1793 1433 1823 nicht
1457 1796 1550 1823 statt.

886 1856 931 1860 —
953 1838 1163 1878 rediturum,
1193 1838 1255 1868 wir
1279 1838 1410 1868 werden
1442 1837 1551 1867 reiche

888 1882 1010 1914 Zinsen
1028 1883 1187 1924 erhalten,
1213 1882 1365 1913 reichlich
1384 1880 1478 1912 daffir
1495 1881 1553 1912 be—

888 1928 976 1959 zahlt
994 1928 1139 1959 werden.

933 1973 964 2004 9.
996 1973 1047 2004 lus
1077 1982 1139 2013 ego
1174 1976 1254 2009 etc„
1285 1971 1351 2011 xgl.
1382 1971 1550 2003 Demosth.

887 2017 969 2049 Phil.
986 2019 1023 2068 1,
1047 2017 1106 2047 51:
1130 2013 1334 2060 ἐβουλόαηι
1358 2014 1457 2055 δ’ἅν,
1483 2013 1553 2048 ὥσ-

888 2072 957 2105 περ
982 2042 1037 2093 ὅτι
1062 2058 1150 2113 ἱμῖι
1172 2063 1355 2105 σιιιᾳὲρει
1375 2072 1416 2093 w
1435 2062 1551 2103 βέλτι-

888 2116 956 2139 στα
978 2103 1127 2139 ἀκούειν
1151 2105 1251 2145 οἶδα,
1277 2119 1317 2138 οι
1323 2118 1389 2142 τως
1412 2105 1551 2140 εἰδέιαι

887 2153 1063 2184 συιοῖσον
1085 2152 1144 2182 καὶ
1168 2151 1217 2183 τῶ
1242 2149 1284 2183 τὰ
1307 2152 1474 2203 βέλτιστα
1503 2152 1551 2184 εῖ-

886 2194 1009 2229 πόντι·
1028 2196 1153 2239 πολλῳ
1166 2184 1274 2242 γῗιρ
1252 2207 1299 2229 αι’
1312 2193 1419 2237 ἥδιον
1433 2201 1551 2229 εἷπον.

886 2247 951 2273 etc.
968 2260 1011 2264 —
1028 2245 1182 2274 moneret
1197 2262 1217 2265 -
1236 2244 1325 2284 cogit
1350 2242 1432 2273 kurz
1451 2247 1550 2274 statt:

884 2290 1044 2328 moneret,
1064 2291 1174 2319 tamen
1192 2288 1346 2328 dicerem,
1363 2298 1442 2319 nam
1458 2307 1479 2310 —
1496 2297 1550 2319 co-

882 2335 947 2375 git.

934 2377 1063 2409 10-12.
1081 2381 1205 2410 notura
1223 2382 1304 2417 etc„
1323 2377 1390 2418 vgl.
1409 2378 1445 2415 5,
1464 2377 1499 2418 4,
1518 2377 1550 2408 4.

885 2433 1010 2461 -εαα,
1024 2422 1462 2463 eigenniitzigeAbsichten3
1479 2432 1505 2453 s.
1521 2423 1551 2461 5,

886 2467 916 2507 3,
932 2467 970 2506 63
986 2467 1052 2499 Cic.
1067 2468 1155 2501 Sest.
1169 2468 1221 2499 45.
1232 2467 1383 2507 —z·z'det,
1395 2466 1551 2507 2,12,13.

885 2530 928 2536 —
944 2513 1093 2556 publicos
1109 2528 1130 2540 =
1146 2513 1277 2556 populi,
1301 2513 1367 2544 Cic.
1386 2511 1477 2544 Lael.
1496 2511 1549 2550 25,

886 2558 943 2588 95:
961 2561 1050 2590 inter·
1068 2558 1283 2601 popularem,
1305 2557 1342 2589 id
1362 2563 1412 2589 est
1428 2556 1549 2589 adsen-

886 2605 1048 2644 ΐαίονεηι,
1077 2606 1111 2635 et
1135 2603 1238 2636 levem
1269 2605 1372 2636 cit-em
1401 2605 1434 2634 et
1463 2604 1550 2634 inter
