<?xml version="1.0" encoding="UTF-8"?>
<!DOCTYPE html PUBLIC "-//W3C//DTD XHTML 1.0 Transitional//EN"
    "http://www.w3.org/TR/xhtml1/DTD/xhtml1-transitional.dtd">
<html xmlns="http://www.w3.org/1999/xhtml" xml:lang="en" lang="en">
 <head>
  <title>
</title>
<meta http-equiv="Content-Type" content="text/html;charset=utf-8" />
  <meta name='ocr-system' content='tesseract 3.04.00' />
  <meta name='ocr-capabilities' content='ocr_page ocr_carea ocr_par ocr_line ocrx_word'/>
</head>
<body>
  <div class='ocr_page' id='page_1' title='image "./aburbeconditalib0102livyuoft_0628.png"; bbox 0 0 1698 2864; ppageno 0'>
   <div class='ocr_carea' id='block_1_1' title="bbox 179 479 197 509">
    <p class='ocr_par' dir='ltr' id='par_1_1' title="bbox 179 479 197 509">
     <span class='ocr_line' id='line_1_1' title="bbox 179 479 197 509; textangle 90"><span class='ocrx_word' id='word_1_1' title='bbox 179 479 197 509; x_wconf 59' lang='lat' dir='ltr'><strong>-l</strong></span> 
     </span>
    </p>
   </div>
   <div class='ocr_carea' id='block_1_2' title="bbox 153 1038 191 1070">
    <p class='ocr_par' dir='ltr' id='par_1_2' title="bbox 153 1038 191 1070">
     <span class='ocr_line' id='line_1_2' title="bbox 153 1038 191 1070; baseline -0.053 0"><span class='ocrx_word' id='word_1_2' title='bbox 153 1038 191 1070; x_wconf 90' lang='lat'><strong>10</strong></span> 
     </span>
    </p>
   </div>
   <div class='ocr_carea' id='block_1_3' title="bbox 149 1318 184 1350">
    <p class='ocr_par' dir='ltr' id='par_1_3' title="bbox 149 1318 184 1350">
     <span class='ocr_line' id='line_1_3' title="bbox 149 1318 184 1350; baseline -0.029 0"><span class='ocrx_word' id='word_1_3' title='bbox 149 1318 184 1350; x_wconf 92' lang='grc'><strong>11</strong></span> 
     </span>
    </p>
   </div>
   <div class='ocr_carea' id='block_1_4' title="bbox 722 197 1639 236">
    <p class='ocr_par' dir='ltr' id='par_1_4' title="bbox 722 197 1639 236">
     <span class='ocr_line' id='line_1_4' title="bbox 722 197 1639 236; baseline 0.005 -6"><span class='ocrx_word' id='word_1_4' title='bbox 722 197 852 231; x_wconf 81' lang='lat' dir='ltr'><strong>LIBER</strong></span> <span class='ocrx_word' id='word_1_5' title='bbox 878 197 932 231; x_wconf 85' lang='lat'>111.</span> <span class='ocrx_word' id='word_1_6' title='bbox 981 197 1074 231; x_wconf 88' lang='lat' dir='ltr'>CAP.</span> <span class='ocrx_word' id='word_1_7' title='bbox 1093 198 1146 230; x_wconf 84' lang='lat'><strong>50.</strong></span> <span class='ocrx_word' id='word_1_8' title='bbox 1477 214 1505 232; x_wconf 77' lang='lat' dir='ltr'><strong>a.</strong></span> <span class='ocrx_word' id='word_1_9' title='bbox 1525 215 1554 233; x_wconf 90' lang='lat' dir='ltr'><strong>u.</strong></span> <span class='ocrx_word' id='word_1_10' title='bbox 1575 207 1639 236; x_wconf 86' lang='lat'><strong>305.</strong></span> 
     </span>
    </p>
   </div>
   <div class='ocr_carea' id='block_1_5' title="bbox 234 198 287 238">
    <p class='ocr_par' dir='ltr' id='par_1_5' title="bbox 234 198 287 238">
     <span class='ocr_line' id='line_1_5' title="bbox 234 198 287 238; baseline 0 0"><span class='ocrx_word' id='word_1_11' title='bbox 234 198 287 238; x_wconf 88' lang='grc'><strong>98</strong></span> 
     </span>
    </p>
   </div>
   <div class='ocr_carea' id='block_1_6' title="bbox 220 298 1639 1308">
    <p class='ocr_par' dir='ltr' id='par_1_6' title="bbox 220 298 1639 1308">
     <span class='ocr_line' id='line_1_6' title="bbox 231 298 1639 352; baseline 0.003 -15"><span class='ocrx_word' id='word_1_12' title='bbox 231 299 304 338; x_wconf 92' lang='lat' dir='ltr'><strong>sibi</strong></span> <span class='ocrx_word' id='word_1_13' title='bbox 331 299 447 338; x_wconf 88' lang='lat' dir='ltr'><strong>vitam</strong></span> <span class='ocrx_word' id='word_1_14' title='bbox 475 298 572 338; x_wconf 85' lang='lat' dir='ltr'><strong>filiae</strong></span> <span class='ocrx_word' id='word_1_15' title='bbox 601 311 670 339; x_wconf 89' lang='lat' dir='ltr'><strong>sua</strong></span> <span class='ocrx_word' id='word_1_16' title='bbox 697 299 884 339; x_wconf 89' lang='lat' dir='ltr'><strong>cariorem</strong></span> <span class='ocrx_word' id='word_1_17' title='bbox 904 300 1037 349; x_wconf 89' lang='lat' dir='ltr'><strong>fuisse,</strong></span> <span class='ocrx_word' id='word_1_18' title='bbox 1055 300 1088 339; x_wconf 91' lang='lat' dir='ltr'><strong>si</strong></span> <span class='ocrx_word' id='word_1_19' title='bbox 1108 299 1250 339; x_wconf 82' lang='lat' dir='ltr'>liberae</span> <span class='ocrx_word' id='word_1_20' title='bbox 1270 311 1314 338; x_wconf 87' lang='lat' dir='ltr'><strong>ac</strong></span> <span class='ocrx_word' id='word_1_21' title='bbox 1333 299 1494 352; x_wconf 90' lang='lat' dir='ltr'><strong>pudicae</strong></span> <span class='ocrx_word' id='word_1_22' title='bbox 1513 299 1639 341; x_wconf 87' lang='lat' dir='ltr'><strong>vivere</strong></span> 
     </span>
     <span class='ocr_line' id='line_1_7' title="bbox 229 355 1639 408; baseline 0.001 -14"><span class='ocrx_word' id='word_1_23' title='bbox 229 356 376 394; x_wconf 85' lang='lat' dir='ltr'><strong>licitum</strong></span> <span class='ocrx_word' id='word_1_24' title='bbox 399 355 558 403; x_wconf 82' lang='lat' dir='ltr'><strong>fuisset;</strong></span> <span class='ocrx_word' id='word_1_25' title='bbox 577 368 665 395; x_wconf 92' lang='lat' dir='ltr'><strong>cum</strong></span> <span class='ocrx_word' id='word_1_26' title='bbox 682 356 784 395; x_wconf 80' lang='lat' dir='ltr'><strong>velut</strong></span> <span class='ocrx_word' id='word_1_27' title='bbox 804 369 955 395; x_wconf 88' lang='lat' dir='ltr'><strong>servam</strong></span> <span class='ocrx_word' id='word_1_28' title='bbox 973 357 1019 395; x_wconf 91' lang='lat' dir='ltr'><strong>ad</strong></span> <span class='ocrx_word' id='word_1_29' title='bbox 1037 361 1218 408; x_wconf 82' lang='lat' dir='ltr'>stuprum</span> <span class='ocrx_word' id='word_1_30' title='bbox 1235 357 1318 407; x_wconf 88' lang='lat' dir='ltr'><strong>rapi</strong></span> <span class='ocrx_word' id='word_1_31' title='bbox 1335 356 1490 402; x_wconf 87' lang='lat' dir='ltr'><strong>videret,</strong></span> <span class='ocrx_word' id='word_1_32' title='bbox 1512 362 1639 397; x_wconf 81' lang='lat' dir='ltr'><strong>morte</strong></span> 
     </span>
     <span class='ocr_line' id='line_1_8' title="bbox 230 411 1637 463; baseline 0.001 -12"><span class='ocrx_word' id='word_1_33' title='bbox 230 412 352 451; x_wconf 84' lang='lat' dir='ltr'><strong>amitti</strong></span> <span class='ocrx_word' id='word_1_34' title='bbox 372 411 510 451; x_wconf 87' lang='lat' dir='ltr'><strong>melius</strong></span> <span class='ocrx_word' id='word_1_35' title='bbox 532 417 657 451; x_wconf 87' lang='lat' dir='ltr'><strong>ratum</strong></span> <span class='ocrx_word' id='word_1_36' title='bbox 682 425 798 463; x_wconf 91' lang='lat' dir='ltr'><strong>quam</strong></span> <span class='ocrx_word' id='word_1_37' title='bbox 821 413 1052 452; x_wconf 88' lang='lat' dir='ltr'><strong>contumelia</strong></span> <span class='ocrx_word' id='word_1_38' title='bbox 1073 413 1226 458; x_wconf 80' lang='lat' dir='ltr'><strong>liberos,</strong></span> <span class='ocrx_word' id='word_1_39' title='bbox 1249 412 1514 452; x_wconf 78' lang='lat' dir='ltr'><strong>misericordia</strong></span> <span class='ocrx_word' id='word_1_40' title='bbox 1536 425 1578 452; x_wconf 88' lang='lat' dir='ltr'><strong>se</strong></span> <span class='ocrx_word' id='word_1_41' title='bbox 1598 414 1637 454; x_wconf 92' lang='lat' dir='ltr'><strong>in</strong></span> 
     </span>
     <span class='ocr_line' id='line_1_9' title="bbox 229 468 1637 520; baseline 0.001 -13"><span class='ocrx_word' id='word_1_42' title='bbox 229 468 399 519; x_wconf 89' lang='lat' dir='ltr'><strong>speciem</strong></span> <span class='ocrx_word' id='word_1_43' title='bbox 422 469 656 508; x_wconf 81' lang='lat' dir='ltr'><strong>crudelitatis</strong></span> <span class='ocrx_word' id='word_1_44' title='bbox 686 469 851 520; x_wconf 89' lang='lat' dir='ltr'><strong>lapsum.</strong></span> <span class='ocrx_word' id='word_1_45' title='bbox 899 481 970 508; x_wconf 89' lang='lat' dir='ltr'><strong>nec</strong></span> <span class='ocrx_word' id='word_1_46' title='bbox 998 482 1040 508; x_wconf 89' lang='lat' dir='ltr'><strong>se</strong></span> <span class='ocrx_word' id='word_1_47' title='bbox 1066 469 1317 520; x_wconf 81' lang='lat' dir='ltr'><strong>superstitem</strong></span> <span class='ocrx_word' id='word_1_48' title='bbox 1345 469 1441 508; x_wconf 88' lang='lat' dir='ltr'><strong>filiae</strong></span> <span class='ocrx_word' id='word_1_49' title='bbox 1460 469 1637 510; x_wconf 88' lang='lat' dir='ltr'><strong>futurum</strong></span> 
     </span>
     <span class='ocr_line' id='line_1_10' title="bbox 226 524 1636 576; baseline 0.001 -13"><span class='ocrx_word' id='word_1_50' title='bbox 226 525 360 573; x_wconf 87' lang='lat' dir='ltr'><strong>fuisse,</strong></span> <span class='ocrx_word' id='word_1_51' title='bbox 377 524 452 564; x_wconf 89' lang='lat' dir='ltr'><strong>nisi</strong></span> <span class='ocrx_word' id='word_1_52' title='bbox 471 538 580 576; x_wconf 88' lang='lat' dir='ltr'><strong>spem</strong></span> <span class='ocrx_word' id='word_1_53' title='bbox 598 525 842 565; x_wconf 86' lang='lat' dir='ltr'><strong>ulciscendae</strong></span> <span class='ocrx_word' id='word_1_54' title='bbox 858 526 996 564; x_wconf 90' lang='lat' dir='ltr'><strong>mortis</strong></span> <span class='ocrx_word' id='word_1_55' title='bbox 1013 526 1095 565; x_wconf 87' lang='lat' dir='ltr'><strong>eius</strong></span> <span class='ocrx_word' id='word_1_56' title='bbox 1112 526 1151 564; x_wconf 93' lang='lat' dir='ltr'><strong>in</strong></span> <span class='ocrx_word' id='word_1_57' title='bbox 1169 526 1307 565; x_wconf 85' lang='lat' dir='ltr'><strong>auxilio</strong></span> <span class='ocrx_word' id='word_1_58' title='bbox 1327 525 1636 566; x_wconf 85' lang='lat' dir='ltr'><strong>commilitonum</strong></span> 
     </span>
     <span class='ocr_line' id='line_1_11' title="bbox 229 581 1636 633; baseline 0.001 -13"><span class='ocrx_word' id='word_1_59' title='bbox 229 581 444 620; x_wconf 80' lang='lat' dir='ltr'><strong>habuisset.</strong></span> <span class='ocrx_word' id='word_1_60' title='bbox 490 581 563 620; x_wconf 91' lang='lat' dir='ltr'><strong>illis</strong></span> <span class='ocrx_word' id='word_1_61' title='bbox 598 594 752 633; x_wconf 86' lang='lat' dir='ltr'><strong>quoque</strong></span> <span class='ocrx_word' id='word_1_62' title='bbox 789 582 892 620; x_wconf 90' lang='lat' dir='ltr'><strong>enim</strong></span> <span class='ocrx_word' id='word_1_63' title='bbox 927 582 1022 621; x_wconf 85' lang='lat' dir='ltr'><strong>filias</strong></span> <span class='ocrx_word' id='word_1_64' title='bbox 1061 594 1219 621; x_wconf 88' lang='lat' dir='ltr'><strong>sorores</strong></span> <span class='ocrx_word' id='word_1_65' title='bbox 1248 583 1512 633; x_wconf 85' lang='lat' dir='ltr'><strong>coniugesque</strong></span> <span class='ocrx_word' id='word_1_66' title='bbox 1537 596 1636 631; x_wconf 88' lang='lat' dir='ltr'><strong>esse,</strong></span> 
     </span>
     <span class='ocr_line' id='line_1_12' title="bbox 227 638 1634 690; baseline 0.001 -13"><span class='ocrx_word' id='word_1_67' title='bbox 227 650 298 677; x_wconf 90' lang='lat' dir='ltr'><strong>nec</strong></span> <span class='ocrx_word' id='word_1_68' title='bbox 326 650 413 677; x_wconf 90' lang='lat' dir='ltr'><strong>cum</strong></span> <span class='ocrx_word' id='word_1_69' title='bbox 443 638 517 676; x_wconf 84' lang='lat' dir='ltr'><strong>filia</strong></span> <span class='ocrx_word' id='word_1_70' title='bbox 540 650 610 676; x_wconf 89' lang='lat' dir='ltr'><strong>sua</strong></span> <span class='ocrx_word' id='word_1_71' title='bbox 630 638 827 677; x_wconf 86' lang='lat' dir='ltr'><strong>libidinem</strong></span> <span class='ocrx_word' id='word_1_72' title='bbox 848 638 949 689; x_wconf 86' lang='lat' dir='ltr'><strong>Appi</strong></span> <span class='ocrx_word' id='word_1_73' title='bbox 971 638 1103 678; x_wconf 86' lang='lat' dir='ltr'><strong>Claudi</strong></span> <span class='ocrx_word' id='word_1_74' title='bbox 1120 639 1327 678; x_wconf 84' lang='lat' dir='ltr'><strong>extinctam</strong></span> <span class='ocrx_word' id='word_1_75' title='bbox 1349 651 1447 685; x_wconf 87' lang='lat' dir='ltr'><strong>esse,</strong></span> <span class='ocrx_word' id='word_1_76' title='bbox 1468 640 1535 677; x_wconf 85' lang='lat' dir='ltr'><strong>sed</strong></span> <span class='ocrx_word' id='word_1_77' title='bbox 1559 652 1634 690; x_wconf 92' lang='lat' dir='ltr'><strong>quo</strong></span> 
     </span>
     <span class='ocr_line' id='line_1_13' title="bbox 227 694 1636 745; baseline 0.002 -13"><span class='ocrx_word' id='word_1_78' title='bbox 227 694 444 745; x_wconf 85' lang='lat' dir='ltr'><strong>inpunitior</strong></span> <span class='ocrx_word' id='word_1_79' title='bbox 471 694 537 739; x_wconf 83' lang='lat' dir='ltr'><strong>sit,</strong></span> <span class='ocrx_word' id='word_1_80' title='bbox 566 707 610 732; x_wconf 90' lang='lat' dir='ltr'><strong>eo</strong></span> <span class='ocrx_word' id='word_1_81' title='bbox 641 695 923 733; x_wconf 79' lang='lat' dir='ltr'><strong>effrenatiorem</strong></span> <span class='ocrx_word' id='word_1_82' title='bbox 958 695 1055 734; x_wconf 84' lang='lat' dir='ltr'><strong>fore.</strong></span> <span class='ocrx_word' id='word_1_83' title='bbox 1104 695 1225 734; x_wconf 87' lang='lat' dir='ltr'><strong>aliena</strong></span> <span class='ocrx_word' id='word_1_84' title='bbox 1253 694 1465 733; x_wconf 86' lang='lat' dir='ltr'><strong>calamitate</strong></span> <span class='ocrx_word' id='word_1_85' title='bbox 1511 695 1636 735; x_wconf 88' lang='lat' dir='ltr'><strong>docu—</strong></span> 
     </span>
     <span class='ocr_line' id='line_1_14' title="bbox 225 749 1635 802; baseline 0.002 -14"><span class='ocrx_word' id='word_1_86' title='bbox 225 757 398 789; x_wconf 87' lang='lat' dir='ltr'><strong>mentum</strong></span> <span class='ocrx_word' id='word_1_87' title='bbox 428 750 560 789; x_wconf 81' lang='lat' dir='ltr'><strong>datum</strong></span> <span class='ocrx_word' id='word_1_88' title='bbox 589 749 661 789; x_wconf 88' lang='lat' dir='ltr'><strong>illis</strong></span> <span class='ocrx_word' id='word_1_89' title='bbox 690 751 877 789; x_wconf 89' lang='lat' dir='ltr'><strong>cavendae</strong></span> <span class='ocrx_word' id='word_1_90' title='bbox 907 751 1043 789; x_wconf 89' lang='lat' dir='ltr'><strong>similis</strong></span> <span class='ocrx_word' id='word_1_91' title='bbox 1066 751 1237 790; x_wconf 89' lang='lat' dir='ltr'><strong>iniuriae.</strong></span> <span class='ocrx_word' id='word_1_92' title='bbox 1278 751 1382 802; x_wconf 90' lang='lat' dir='ltr'><strong>quod</strong></span> <span class='ocrx_word' id='word_1_93' title='bbox 1405 750 1451 789; x_wconf 89' lang='lat' dir='ltr'><strong>ad</strong></span> <span class='ocrx_word' id='word_1_94' title='bbox 1473 763 1515 790; x_wconf 88' lang='lat' dir='ltr'><strong>se</strong></span> <span class='ocrx_word' id='word_1_95' title='bbox 1536 751 1635 791; x_wconf 86' lang='lat' dir='ltr'><strong>adti-</strong></span> 
     </span>
     <span class='ocr_line' id='line_1_15' title="bbox 224 806 1630 859; baseline 0.002 -15"><span class='ocrx_word' id='word_1_96' title='bbox 224 812 325 853; x_wconf 83' lang='lat' dir='ltr'><strong>neat,</strong></span> <span class='ocrx_word' id='word_1_97' title='bbox 354 818 517 845; x_wconf 84' lang='lat' dir='ltr'><strong>uxorem</strong></span> <span class='ocrx_word' id='word_1_98' title='bbox 544 806 617 845; x_wconf 87' lang='lat' dir='ltr'><strong>sibi</strong></span> <span class='ocrx_word' id='word_1_99' title='bbox 645 807 722 845; x_wconf 84' lang='lat' dir='ltr'><strong>fato</strong></span> <span class='ocrx_word' id='word_1_100' title='bbox 758 812 952 857; x_wconf 84' lang='lat' dir='ltr'><strong>ereptam,</strong></span> <span class='ocrx_word' id='word_1_101' title='bbox 976 807 1110 854; x_wconf 81' lang='lat' dir='ltr'><strong>tiliam,</strong></span> <span class='ocrx_word' id='word_1_102' title='bbox 1134 808 1222 858; x_wconf 89' lang='lat' dir='ltr'><strong>quia</strong></span> <span class='ocrx_word' id='word_1_103' title='bbox 1249 819 1328 845; x_wconf 91' lang='lat' dir='ltr'><strong>non</strong></span> <span class='ocrx_word' id='word_1_104' title='bbox 1356 807 1455 846; x_wconf 90' lang='lat' dir='ltr'><strong>ultra</strong></span> <span class='ocrx_word' id='word_1_105' title='bbox 1492 808 1630 859; x_wconf 87' lang='lat' dir='ltr'><strong>pudica</strong></span> 
     </span>
     <span class='ocr_line' id='line_1_16' title="bbox 225 862 1633 912; baseline 0.001 -11"><span class='ocrx_word' id='word_1_106' title='bbox 225 863 369 901; x_wconf 87' lang='lat' dir='ltr'><strong>victura</strong></span> <span class='ocrx_word' id='word_1_107' title='bbox 399 862 532 908; x_wconf 83' lang='lat' dir='ltr'><strong>fuerit,</strong></span> <span class='ocrx_word' id='word_1_108' title='bbox 561 862 744 902; x_wconf 87' lang='lat' dir='ltr'><strong>miseram</strong></span> <span class='ocrx_word' id='word_1_109' title='bbox 773 864 840 902; x_wconf 91' lang='lat' dir='ltr'><strong>sed</strong></span> <span class='ocrx_word' id='word_1_110' title='bbox 862 864 1067 902; x_wconf 90' lang='lat' dir='ltr'><strong>honestam</strong></span> <span class='ocrx_word' id='word_1_111' title='bbox 1091 869 1258 902; x_wconf 88' lang='lat' dir='ltr'><strong>mortem</strong></span> <span class='ocrx_word' id='word_1_112' title='bbox 1281 863 1530 912; x_wconf 80' lang='lat' dir='ltr'><strong>occubuisse3</strong></span> <span class='ocrx_word' id='word_1_113' title='bbox 1551 876 1633 903; x_wconf 92' lang='lat' dir='ltr'><strong>non</strong></span> 
     </span>
     <span class='ocr_line' id='line_1_17' title="bbox 223 919 1631 970; baseline 0.001 -13"><span class='ocrx_word' id='word_1_114' title='bbox 223 931 309 958; x_wconf 90' lang='lat' dir='ltr'><strong>esse</strong></span> <span class='ocrx_word' id='word_1_115' title='bbox 330 919 405 957; x_wconf 88' lang='lat' dir='ltr'><strong>iam</strong></span> <span class='ocrx_word' id='word_1_116' title='bbox 427 919 526 970; x_wconf 85' lang='lat' dir='ltr'><strong>Appi</strong></span> <span class='ocrx_word' id='word_1_117' title='bbox 547 919 695 958; x_wconf 87' lang='lat' dir='ltr'><strong>libidini</strong></span> <span class='ocrx_word' id='word_1_118' title='bbox 716 919 844 958; x_wconf 90' lang='lat' dir='ltr'><strong>locum</strong></span> <span class='ocrx_word' id='word_1_119' title='bbox 867 919 906 958; x_wconf 92' lang='lat' dir='ltr'><strong>in</strong></span> <span class='ocrx_word' id='word_1_120' title='bbox 928 920 1046 958; x_wconf 91' lang='lat' dir='ltr'><strong>domo</strong></span> <span class='ocrx_word' id='word_1_121' title='bbox 1065 932 1153 967; x_wconf 82' lang='lat' dir='ltr'><strong>sua3</strong></span> <span class='ocrx_word' id='word_1_122' title='bbox 1181 920 1227 959; x_wconf 91' lang='lat' dir='ltr'><strong>ab</strong></span> <span class='ocrx_word' id='word_1_123' title='bbox 1255 920 1330 959; x_wconf 89' lang='lat' dir='ltr'><strong>alia</strong></span> <span class='ocrx_word' id='word_1_124' title='bbox 1350 920 1528 959; x_wconf 88' lang='lat' dir='ltr'><strong>violentia</strong></span> <span class='ocrx_word' id='word_1_125' title='bbox 1549 920 1631 960; x_wconf 88' lang='lat' dir='ltr'><strong>eius</strong></span> 
     </span>
     <span class='ocr_line' id='line_1_18' title="bbox 223 975 1633 1028; baseline 0.002 -15"><span class='ocrx_word' id='word_1_126' title='bbox 223 976 360 1014; x_wconf 87' lang='lat' dir='ltr'><strong>eodem</strong></span> <span class='ocrx_word' id='word_1_127' title='bbox 395 987 436 1013; x_wconf 91' lang='lat' dir='ltr'><strong>se</strong></span> <span class='ocrx_word' id='word_1_128' title='bbox 474 975 604 1014; x_wconf 90' lang='lat' dir='ltr'><strong>animo</strong></span> <span class='ocrx_word' id='word_1_129' title='bbox 634 988 747 1014; x_wconf 90' lang='lat' dir='ltr'><strong>suum</strong></span> <span class='ocrx_word' id='word_1_130' title='bbox 780 988 922 1027; x_wconf 88' lang='lat' dir='ltr'><strong>corpus</strong></span> <span class='ocrx_word' id='word_1_131' title='bbox 952 977 1256 1023; x_wconf 80' lang='lat' dir='ltr'><strong>vindicaturum,</strong></span> <span class='ocrx_word' id='word_1_132' title='bbox 1287 989 1363 1028; x_wconf 86' lang='lat' dir='ltr'><strong>quo</strong></span> <span class='ocrx_word' id='word_1_133' title='bbox 1388 976 1633 1016; x_wconf 87' lang='lat' dir='ltr'><strong>vindicaverit</strong></span> 
     </span>
     <span class='ocr_line' id='line_1_19' title="bbox 223 1031 1631 1083; baseline 0.002 -13"><span class='ocrx_word' id='word_1_134' title='bbox 223 1032 337 1071; x_wconf 83' lang='lat' dir='ltr'><strong>filiae:</strong></span> <span class='ocrx_word' id='word_1_135' title='bbox 371 1031 485 1070; x_wconf 88' lang='lat' dir='ltr'><strong>ceteri</strong></span> <span class='ocrx_word' id='word_1_136' title='bbox 514 1032 586 1070; x_wconf 91' lang='lat' dir='ltr'><strong>sibi</strong></span> <span class='ocrx_word' id='word_1_137' title='bbox 608 1044 651 1071; x_wconf 88' lang='lat' dir='ltr'><strong>ac</strong></span> <span class='ocrx_word' id='word_1_138' title='bbox 670 1032 798 1071; x_wconf 86' lang='lat' dir='ltr'><strong>liberis</strong></span> <span class='ocrx_word' id='word_1_139' title='bbox 821 1032 902 1071; x_wconf 90' lang='lat' dir='ltr'><strong>suis</strong></span> <span class='ocrx_word' id='word_1_140' title='bbox 924 1033 1182 1072; x_wconf 87' lang='lat' dir='ltr'><strong>consulerent.</strong></span> <span class='ocrx_word' id='word_1_141' title='bbox 1219 1032 1312 1072; x_wconf 90' lang='lat' dir='ltr'><strong>haec</strong></span> <span class='ocrx_word' id='word_1_142' title='bbox 1329 1032 1506 1083; x_wconf 85' lang='lat' dir='ltr'><strong>Verginio</strong></span> <span class='ocrx_word' id='word_1_143' title='bbox 1526 1034 1631 1073; x_wconf 92' lang='lat' dir='ltr'><strong>voci-</strong></span> 
     </span>
     <span class='ocr_line' id='line_1_20' title="bbox 223 1087 1632 1135; baseline 0.001 -9"><span class='ocrx_word' id='word_1_144' title='bbox 223 1087 362 1126; x_wconf 89' lang='lat' dir='ltr'><strong>feranti</strong></span> <span class='ocrx_word' id='word_1_145' title='bbox 385 1087 647 1127; x_wconf 85' lang='lat' dir='ltr'><strong>succlamabat</strong></span> <span class='ocrx_word' id='word_1_146' title='bbox 668 1088 886 1135; x_wconf 85' lang='lat' dir='ltr'><strong>multitudo,</strong></span> <span class='ocrx_word' id='word_1_147' title='bbox 909 1101 981 1128; x_wconf 87' lang='lat' dir='ltr'><strong>nec</strong></span> <span class='ocrx_word' id='word_1_148' title='bbox 1000 1089 1101 1128; x_wconf 88' lang='lat' dir='ltr'><strong>illius</strong></span> <span class='ocrx_word' id='word_1_149' title='bbox 1125 1089 1249 1127; x_wconf 89' lang='lat' dir='ltr'><strong>dolori</strong></span> <span class='ocrx_word' id='word_1_150' title='bbox 1270 1101 1342 1128; x_wconf 88' lang='lat' dir='ltr'><strong>nec</strong></span> <span class='ocrx_word' id='word_1_151' title='bbox 1358 1101 1450 1128; x_wconf 85' lang='lat' dir='ltr'><strong>suae</strong></span> <span class='ocrx_word' id='word_1_152' title='bbox 1466 1089 1632 1129; x_wconf 84' lang='lat' dir='ltr'><strong>libertati</strong></span> 
     </span>
     <span class='ocr_line' id='line_1_21' title="bbox 221 1144 1630 1196; baseline 0.001 -14"><span class='ocrx_word' id='word_1_153' title='bbox 221 1157 264 1183; x_wconf 91' lang='lat' dir='ltr'><strong>se</strong></span> <span class='ocrx_word' id='word_1_154' title='bbox 292 1144 506 1183; x_wconf 87' lang='lat' dir='ltr'><strong>defuturos.</strong></span> <span class='ocrx_word' id='word_1_155' title='bbox 556 1150 593 1183; x_wconf 89' lang='lat' dir='ltr'><strong>et</strong></span> <span class='ocrx_word' id='word_1_156' title='bbox 618 1145 767 1183; x_wconf 90' lang='lat' dir='ltr'><strong>inmixti</strong></span> <span class='ocrx_word' id='word_1_157' title='bbox 795 1145 929 1184; x_wconf 87' lang='lat' dir='ltr'><strong>turbae</strong></span> <span class='ocrx_word' id='word_1_158' title='bbox 957 1146 1121 1184; x_wconf 88' lang='lat' dir='ltr'><strong>militum</strong></span> <span class='ocrx_word' id='word_1_159' title='bbox 1150 1145 1268 1196; x_wconf 81' lang='lat' dir='ltr'><strong>togati</strong></span> <span class='ocrx_word' id='word_1_160' title='bbox 1298 1158 1385 1184; x_wconf 91' lang='lat' dir='ltr'><strong>cum</strong></span> <span class='ocrx_word' id='word_1_161' title='bbox 1415 1146 1546 1184; x_wconf 88' lang='lat' dir='ltr'><strong>eadem</strong></span> <span class='ocrx_word' id='word_1_162' title='bbox 1569 1145 1630 1185; x_wconf 90' lang='lat' dir='ltr'><strong>illa</strong></span> 
     </span>
     <span class='ocr_line' id='line_1_22' title="bbox 221 1200 1629 1253; baseline 0.002 -15"><span class='ocrx_word' id='word_1_163' title='bbox 221 1200 419 1251; x_wconf 85' lang='lat' dir='ltr'><strong>querendo</strong></span> <span class='ocrx_word' id='word_1_164' title='bbox 442 1200 708 1252; x_wconf 86' lang='lat' dir='ltr'><strong>docendoque,</strong></span> <span class='ocrx_word' id='word_1_165' title='bbox 732 1206 877 1251; x_wconf 86' lang='lat' dir='ltr'><strong>quanto</strong></span> <span class='ocrx_word' id='word_1_166' title='bbox 901 1201 978 1240; x_wconf 89' lang='lat' dir='ltr'><strong>visa</strong></span> <span class='ocrx_word' id='word_1_167' title='bbox 1001 1215 1115 1253; x_wconf 85' lang='lat' dir='ltr'><strong>quam</strong></span> <span class='ocrx_word' id='word_1_168' title='bbox 1133 1202 1260 1240; x_wconf 86' lang='lat' dir='ltr'><strong>audita</strong></span> <span class='ocrx_word' id='word_1_169' title='bbox 1277 1201 1493 1251; x_wconf 88' lang='lat' dir='ltr'><strong>indigniora</strong></span> <span class='ocrx_word' id='word_1_170' title='bbox 1511 1207 1629 1253; x_wconf 89' lang='lat' dir='ltr'><strong>potu-</strong></span> 
     </span>
     <span class='ocr_line' id='line_1_23' title="bbox 220 1256 1630 1308; baseline 0.002 -14"><span class='ocrx_word' id='word_1_171' title='bbox 220 1257 320 1295; x_wconf 86' lang='lat' dir='ltr'><strong>erint</strong></span> <span class='ocrx_word' id='word_1_172' title='bbox 346 1256 484 1303; x_wconf 88' lang='lat' dir='ltr'><strong>videri‚</strong></span> <span class='ocrx_word' id='word_1_173' title='bbox 519 1257 634 1296; x_wconf 76' lang='lat' dir='ltr'><strong>simul</strong></span> <span class='ocrx_word' id='word_1_174' title='bbox 662 1257 903 1308; x_wconf 86' lang='lat' dir='ltr'><strong>profligatam</strong></span> <span class='ocrx_word' id='word_1_175' title='bbox 926 1258 1000 1296; x_wconf 88' lang='lat' dir='ltr'><strong>iam</strong></span> <span class='ocrx_word' id='word_1_176' title='bbox 1023 1271 1104 1297; x_wconf 89' lang='lat' dir='ltr'><strong>rem</strong></span> <span class='ocrx_word' id='word_1_177' title='bbox 1128 1257 1342 1296; x_wconf 87' lang='lat' dir='ltr'><strong>nuntiando</strong></span> <span class='ocrx_word' id='word_1_178' title='bbox 1366 1258 1512 1296; x_wconf 86' lang='lat' dir='ltr'><strong>Romae</strong></span> <span class='ocrx_word' id='word_1_179' title='bbox 1534 1270 1630 1306; x_wconf 88' lang='lat' dir='ltr'><strong>esse,</strong></span> 
     </span>
    </p>
   </div>
   <div class='ocr_carea' id='block_1_7' title="bbox 215 1313 1630 1579">
    <p class='ocr_par' dir='ltr' id='par_1_7' title="bbox 215 1313 1630 1579">
     <span class='ocr_line' id='line_1_24' title="bbox 219 1313 1630 1365; baseline 0.001 -14"><span class='ocrx_word' id='word_1_180' title='bbox 219 1314 492 1364; x_wconf 86' lang='lat' dir='ltr'><strong>insecutosque</strong></span> <span class='ocrx_word' id='word_1_181' title='bbox 520 1313 584 1363; x_wconf 85' lang='lat' dir='ltr'><strong>qui</strong></span> <span class='ocrx_word' id='word_1_182' title='bbox 612 1314 777 1365; x_wconf 86' lang='lat' dir='ltr'><strong>Appium</strong></span> <span class='ocrx_word' id='word_1_183' title='bbox 807 1326 930 1365; x_wconf 89' lang='lat' dir='ltr'><strong>prope</strong></span> <span class='ocrx_word' id='word_1_184' title='bbox 958 1314 1232 1365; x_wconf 90' lang='lat' dir='ltr'><strong>interemptum</strong></span> <span class='ocrx_word' id='word_1_185' title='bbox 1261 1314 1300 1353; x_wconf 91' lang='lat' dir='ltr'><strong>in</strong></span> <span class='ocrx_word' id='word_1_186' title='bbox 1328 1314 1481 1353; x_wconf 88' lang='lat' dir='ltr'><strong>exilium</strong></span> <span class='ocrx_word' id='word_1_187' title='bbox 1503 1314 1630 1354; x_wconf 86' lang='lat' dir='ltr'><strong>abisse</strong></span> 
     </span>
     <span class='ocr_line' id='line_1_25' title="bbox 216 1447 1629 1489; baseline 0.001 -10"><span class='ocrx_word' id='word_1_188' title='bbox 216 1448 375 1479; x_wconf 86' lang='lat' dir='ltr'><strong>weiterer</strong></span> <span class='ocrx_word' id='word_1_189' title='bbox 393 1448 585 1488; x_wconf 80' lang='lat' dir='ltr'><strong>Bedeutung</strong></span> <span class='ocrx_word' id='word_1_190' title='bbox 602 1447 799 1489; x_wconf 80' lang='lat' dir='ltr'><strong>gebraucht,</strong></span> <span class='ocrx_word' id='word_1_191' title='bbox 827 1449 886 1480; x_wconf 87' lang='lat' dir='ltr'><strong>da-</strong></span> <span class='ocrx_word' id='word_1_192' title='bbox 959 1449 1038 1489; x_wconf 84' lang='lat' dir='ltr'><strong>lung</strong></span> <span class='ocrx_word' id='word_1_193' title='bbox 1067 1459 1098 1480; x_wconf 89' lang='lat' dir='ltr'><strong>u.</strong></span> <span class='ocrx_word' id='word_1_194' title='bbox 1126 1459 1155 1480; x_wconf 86' lang='lat' dir='ltr'><strong>a.</strong></span> <span class='ocrx_word' id='word_1_195' title='bbox 1179 1468 1219 1471; x_wconf 97' lang='lat'><strong>—</strong></span> <span class='ocrx_word' id='word_1_196' title='bbox 1246 1448 1472 1486; x_wconf 74' lang='lat' dir='ltr'><strong>consulerent,</strong></span> <span class='ocrx_word' id='word_1_197' title='bbox 1503 1449 1629 1481; x_wconf 80' lang='lat' dir='ltr'><strong>wieder</strong></span> 
     </span>
     <span class='ocr_line' id='line_1_26' title="bbox 217 1492 1628 1536; baseline 0.001 -12"><span class='ocrx_word' id='word_1_198' title='bbox 217 1495 275 1525; x_wconf 87' lang='lat' dir='ltr'><strong>her</strong></span> <span class='ocrx_word' id='word_1_199' title='bbox 300 1494 343 1525; x_wconf 84' lang='lat' dir='ltr'><strong>ist</strong></span> <span class='ocrx_word' id='word_1_200' title='bbox 366 1493 506 1525; x_wconf 73' lang='lat' dir='ltr'><strong>Ilberum</strong></span> <span class='ocrx_word' id='word_1_201' title='bbox 532 1503 593 1524; x_wconf 89' lang='lat' dir='ltr'><strong>zur</strong></span> <span class='ocrx_word' id='word_1_202' title='bbox 615 1503 803 1533; x_wconf 82' lang='lat' dir='ltr'><strong>genauereu</strong></span> <span class='ocrx_word' id='word_1_203' title='bbox 822 1494 884 1525; x_wconf 89' lang='lat' dir='ltr'><strong>Be·</strong></span> <span class='ocrx_word' id='word_1_204' title='bbox 958 1495 1016 1525; x_wconf 85' lang='lat' dir='ltr'><strong>das</strong></span> <span class='ocrx_word' id='word_1_205' title='bbox 1046 1492 1188 1536; x_wconf 56' lang='lat' dir='ltr'><strong>imperf„</strong></span> <span class='ocrx_word' id='word_1_206' title='bbox 1218 1494 1362 1524; x_wconf 81' lang='lat' dir='ltr'><strong>welches</strong></span> <span class='ocrx_word' id='word_1_207' title='bbox 1392 1495 1422 1525; x_wconf 93' lang='lat' dir='ltr'><strong>iu</strong></span> <span class='ocrx_word' id='word_1_208' title='bbox 1452 1494 1628 1526; x_wconf 82' lang='lat' dir='ltr'><strong>Aufforde-</strong></span> 
     </span>
     <span class='ocr_line' id='line_1_27' title="bbox 215 1538 1626 1579; baseline 0.001 -10"><span class='ocrx_word' id='word_1_209' title='bbox 215 1539 391 1578; x_wconf 79' lang='lat' dir='ltr'><strong>stimuiung</strong></span> <span class='ocrx_word' id='word_1_210' title='bbox 414 1539 479 1569; x_wconf 87' lang='lat' dir='ltr'><strong>und</strong></span> <span class='ocrx_word' id='word_1_211' title='bbox 497 1538 698 1579; x_wconf 79' lang='lat' dir='ltr'><strong>Steigerung&#39;</strong></span> <span class='ocrx_word' id='word_1_212' title='bbox 723 1539 884 1577; x_wconf 78' lang='lat' dir='ltr'><strong>hiuzuge-</strong></span> <span class='ocrx_word' id='word_1_213' title='bbox 957 1549 1081 1579; x_wconf 82' lang='lat' dir='ltr'><strong>rungen</strong></span> <span class='ocrx_word' id='word_1_214' title='bbox 1107 1539 1313 1579; x_wconf 80' lang='lat' dir='ltr'><strong>gewb&#39;hnlich</strong></span> <span class='ocrx_word' id='word_1_215' title='bbox 1338 1540 1392 1570; x_wconf 83' lang='lat' dir='ltr'><strong>ist.</strong></span> <span class='ocrx_word' id='word_1_216' title='bbox 1417 1557 1460 1561; x_wconf 86' lang='lat'><strong>-—</strong></span> <span class='ocrx_word' id='word_1_217' title='bbox 1484 1550 1560 1571; x_wconf 82' lang='lat' dir='ltr'><strong>eum</strong></span> <span class='ocrx_word' id='word_1_218' title='bbox 1581 1557 1626 1562; x_wconf 96' lang='lat'>—</span> 
     </span>
    </p>
   </div>
   <div class='ocr_carea' id='block_1_8' title="bbox 211 1583 883 1761">
    <p class='ocr_par' dir='ltr' id='par_1_8' title="bbox 211 1583 883 1761">
     <span class='ocr_line' id='line_1_28' title="bbox 214 1583 883 1623; baseline 0.001 -9"><span class='ocrx_word' id='word_1_219' title='bbox 214 1583 297 1623; x_wconf 80' lang='lat' dir='ltr'><strong>fiigt.</strong></span> <span class='ocrx_word' id='word_1_220' title='bbox 312 1602 356 1606; x_wconf 97' lang='lat'><strong>—</strong></span> <span class='ocrx_word' id='word_1_221' title='bbox 368 1586 622 1623; x_wconf 67' lang='lat' dir='ltr'><strong>aversarentur,</strong></span> <span class='ocrx_word' id='word_1_222' title='bbox 639 1584 689 1615; x_wconf 84' lang='lat' dir='ltr'><strong>als</strong></span> <span class='ocrx_word' id='word_1_223' title='bbox 703 1584 798 1615; x_wconf 85' lang='lat' dir='ltr'><strong>einen</strong></span> <span class='ocrx_word' id='word_1_224' title='bbox 815 1583 883 1616; x_wconf 89' lang='lat' dir='ltr'><strong>Un-</strong></span> 
     </span>
     <span class='ocr_line' id='line_1_29' title="bbox 214 1628 883 1672; baseline 0.003 -13"><span class='ocrx_word' id='word_1_225' title='bbox 214 1631 339 1667; x_wconf 85' lang='lat' dir='ltr'><strong>reinen,</strong></span> <span class='ocrx_word' id='word_1_226' title='bbox 357 1628 423 1668; x_wconf 85' lang='lat' dir='ltr'><strong>vgl.</strong></span> <span class='ocrx_word' id='word_1_227' title='bbox 442 1628 520 1659; x_wconf 83' lang='lat' dir='ltr'><strong>Tac.</strong></span> <span class='ocrx_word' id='word_1_228' title='bbox 542 1628 624 1660; x_wconf 82' lang='lat' dir='ltr'><strong>Hist.</strong></span> <span class='ocrx_word' id='word_1_229' title='bbox 639 1628 668 1670; x_wconf 84' lang='lat'>3,</span> <span class='ocrx_word' id='word_1_230' title='bbox 687 1628 742 1660; x_wconf 83' lang='lat'><strong>25:</strong></span> <span class='ocrx_word' id='word_1_231' title='bbox 760 1639 883 1672; x_wconf 79' lang='lat' dir='ltr'><strong>preca-</strong></span> 
     </span>
     <span class='ocr_line' id='line_1_30' title="bbox 214 1675 883 1716; baseline 0.003 -12"><span class='ocrx_word' id='word_1_232' title='bbox 214 1675 313 1706; x_wconf 77' lang='lat' dir='ltr'><strong>batur</strong></span> <span class='ocrx_word' id='word_1_233' title='bbox 329 1675 438 1716; x_wconf 78' lang='lat' dir='ltr'><strong>piatos</strong></span> <span class='ocrx_word' id='word_1_234' title='bbox 455 1675 566 1716; x_wconf 74' lang='lat' dir='ltr'><strong>patris</strong></span> <span class='ocrx_word' id='word_1_235' title='bbox 588 1684 716 1713; x_wconf 81' lang='lat' dir='ltr'><strong>manes,</strong></span> <span class='ocrx_word' id='word_1_236' title='bbox 742 1684 823 1705; x_wconf 78' lang='lat' dir='ltr'><strong>neve</strong></span> <span class='ocrx_word' id='word_1_237' title='bbox 846 1685 883 1706; x_wconf 80' lang='lat' dir='ltr'><strong>se</strong></span> 
     </span>
     <span class='ocr_line' id='line_1_31' title="bbox 211 1718 879 1761; baseline 0.001 -11"><span class='ocrx_word' id='word_1_238' title='bbox 211 1721 250 1750; x_wconf 82' lang='lat' dir='ltr'><strong>ut</strong></span> <span class='ocrx_word' id='word_1_239' title='bbox 290 1718 502 1761; x_wconf 76' lang='lat' dir='ltr'><strong>parricidam</strong></span> <span class='ocrx_word' id='word_1_240' title='bbox 544 1721 794 1751; x_wconf 77' lang='lat' dir='ltr'><strong>aversarentur.</strong></span> <span class='ocrx_word' id='word_1_241' title='bbox 835 1738 879 1742; x_wconf 71' lang='lat'>—</span> 
     </span>
    </p>
   </div>
   <div class='ocr_carea' id='block_1_9' title="bbox 199 1764 880 1805">
    <p class='ocr_par' dir='ltr' id='par_1_9' title="bbox 199 1764 880 1805">
     <span class='ocr_line' id='line_1_32' title="bbox 199 1764 880 1805; baseline 0.001 -11"><span class='ocrx_word' id='word_1_242' title='bbox 199 1764 330 1805; x_wconf 79' lang='lat' dir='ltr'><strong>fuisse,</strong></span> <span class='ocrx_word' id='word_1_243' title='bbox 357 1764 433 1794; x_wconf 87' lang='lat' dir='ltr'><strong>weil</strong></span> <span class='ocrx_word' id='word_1_244' title='bbox 452 1774 487 1794; x_wconf 86' lang='lat' dir='ltr'><strong>es</strong></span> <span class='ocrx_word' id='word_1_245' title='bbox 511 1764 541 1794; x_wconf 90' lang='lat' dir='ltr'><strong>in</strong></span> <span class='ocrx_word' id='word_1_246' title='bbox 568 1769 652 1795; x_wconf 82' lang='lat' dir='ltr'><strong>orat.</strong></span> <span class='ocrx_word' id='word_1_247' title='bbox 677 1769 767 1795; x_wconf 86' lang='lat' dir='ltr'><strong>recta</strong></span> <span class='ocrx_word' id='word_1_248' title='bbox 793 1765 880 1795; x_wconf 90' lang='lat' dir='ltr'><strong>heis-</strong></span> 
     </span>
    </p>
   </div>
   <div class='ocr_carea' id='block_1_10' title="bbox 205 1808 878 2299">
    <p class='ocr_par' dir='ltr' id='par_1_10' title="bbox 205 1808 878 2029">
     <span class='ocr_line' id='line_1_33' title="bbox 209 1808 877 1849; baseline -0.001 -9"><span class='ocrx_word' id='word_1_249' title='bbox 209 1819 268 1840; x_wconf 89' lang='lat' dir='ltr'><strong>sen</strong></span> <span class='ocrx_word' id='word_1_250' title='bbox 294 1808 422 1839; x_wconf 84' lang='lat' dir='ltr'><strong>wiirde:</strong></span> <span class='ocrx_word' id='word_1_251' title='bbox 448 1810 562 1840; x_wconf 82' lang='lat' dir='ltr'><strong>carior</strong></span> <span class='ocrx_word' id='word_1_252' title='bbox 583 1810 673 1849; x_wconf 75' lang='grc' dir='ltr'><strong><em>Γιιίις</em></strong></span> <span class='ocrx_word' id='word_1_253' title='bbox 706 1819 734 1840; x_wconf 91' lang='lat' dir='ltr'><strong>c.</strong></span> <span class='ocrx_word' id='word_1_254' title='bbox 760 1810 812 1849; x_wconf 82' lang='lat'>72,</span> <span class='ocrx_word' id='word_1_255' title='bbox 839 1810 877 1848; x_wconf 80' lang='lat'><strong>73</strong></span> 
     </span>
     <span class='ocr_line' id='line_1_34' title="bbox 209 1853 877 1896; baseline 0.001 -12"><span class='ocrx_word' id='word_1_256' title='bbox 209 1854 262 1892; x_wconf 82' lang='lat'>35,</span> <span class='ocrx_word' id='word_1_257' title='bbox 282 1853 335 1893; x_wconf 85' lang='lat'>32,</span> <span class='ocrx_word' id='word_1_258' title='bbox 357 1853 391 1885; x_wconf 82' lang='lat'><strong>8:</strong></span> <span class='ocrx_word' id='word_1_259' title='bbox 415 1855 730 1896; x_wconf 73' lang='lat' dir='ltr'><strong>optimumsaisse3</strong></span> <span class='ocrx_word' id='word_1_260' title='bbox 758 1854 799 1885; x_wconf 93' lang='lat' dir='ltr'><strong>ib.</strong></span> <span class='ocrx_word' id='word_1_261' title='bbox 827 1854 877 1894; x_wconf 85' lang='lat'>15,</span> 
     </span>
     <span class='ocr_line' id='line_1_35' title="bbox 209 1898 878 1943; baseline 0.001 -13"><span class='ocrx_word' id='word_1_262' title='bbox 209 1899 245 1930; x_wconf 87' lang='lat'><strong>3:</strong></span> <span class='ocrx_word' id='word_1_263' title='bbox 263 1898 406 1930; x_wconf 79' lang='lat' dir='ltr'><strong>indolem</strong></span> <span class='ocrx_word' id='word_1_264' title='bbox 415 1900 537 1941; x_wconf 75' lang='lat' dir='ltr'><strong>faisse</strong></span> <span class='ocrx_word' id='word_1_265' title='bbox 554 1902 746 1943; x_wconf 80' lang='lat' dir='ltr'><strong>appareret,</strong></span> <span class='ocrx_word' id='word_1_266' title='bbox 765 1898 830 1940; x_wconf 87' lang='lat' dir='ltr'><strong>vgl.</strong></span> <span class='ocrx_word' id='word_1_267' title='bbox 850 1911 878 1931; x_wconf 89' lang='lat' dir='ltr'><strong>c.</strong></span> 
     </span>
     <span class='ocr_line' id='line_1_36' title="bbox 211 1943 877 1985; baseline 0.002 -11"><span class='ocrx_word' id='word_1_268' title='bbox 211 1943 261 1981; x_wconf 89' lang='grc'><strong>19,</strong></span> <span class='ocrx_word' id='word_1_269' title='bbox 284 1943 338 1974; x_wconf 88' lang='grc'>12;</span> <span class='ocrx_word' id='word_1_270' title='bbox 360 1945 482 1985; x_wconf 75' lang='lat' dir='ltr'><strong>fuerit,</strong></span> <span class='ocrx_word' id='word_1_271' title='bbox 506 1950 600 1976; x_wconf 84' lang='lat' dir='ltr'><strong>sonst</strong></span> <span class='ocrx_word' id='word_1_272' title='bbox 617 1945 730 1976; x_wconf 86' lang='lat' dir='ltr'><strong>wiirde</strong></span> <span class='ocrx_word' id='word_1_273' title='bbox 756 1955 791 1976; x_wconf 92' lang='lat' dir='ltr'><strong>es</strong></span> <span class='ocrx_word' id='word_1_274' title='bbox 817 1946 877 1976; x_wconf 86' lang='lat' dir='ltr'><strong>wie</strong></span> 
     </span>
     <span class='ocr_line' id='line_1_37' title="bbox 205 1988 497 2029; baseline 0.007 -11"><span class='ocrx_word' id='word_1_275' title='bbox 205 1988 226 2029; x_wconf 61' lang='grc' dir='ltr'>ξ</span> <span class='ocrx_word' id='word_1_276' title='bbox 246 1989 262 2018; x_wconf 89' lang='grc'>7</span> <span class='ocrx_word' id='word_1_277' title='bbox 282 1994 399 2028; x_wconf 75' lang='lat' dir='ltr'><strong>gesagt</strong></span> <span class='ocrx_word' id='word_1_278' title='bbox 415 1990 497 2020; x_wconf 87' lang='lat' dir='ltr'><strong>sein.</strong></span> 
     </span>
    </p>

    <p class='ocr_par' dir='ltr' id='par_1_11' title="bbox 205 2032 876 2299">
     <span class='ocr_line' id='line_1_38' title="bbox 252 2032 872 2076; baseline 0 -12"><span class='ocrx_word' id='word_1_279' title='bbox 252 2032 328 2065; x_wconf 84' lang='grc'>6-8.</span> <span class='ocrx_word' id='word_1_280' title='bbox 354 2033 487 2074; x_wconf 80' lang='lat' dir='ltr'><strong>liberae,</strong></span> <span class='ocrx_word' id='word_1_281' title='bbox 513 2045 543 2065; x_wconf 90' lang='lat' dir='ltr'><strong>n.</strong></span> <span class='ocrx_word' id='word_1_282' title='bbox 563 2035 614 2072; x_wconf 67' lang='lat' dir='ltr'><strong>ei„</strong></span> <span class='ocrx_word' id='word_1_283' title='bbox 640 2044 665 2065; x_wconf 84' lang='grc'><strong>8.</strong></span> <span class='ocrx_word' id='word_1_284' title='bbox 691 2032 795 2076; x_wconf 87' lang='lat' dir='ltr'><strong>praef.</strong></span> <span class='ocrx_word' id='word_1_285' title='bbox 822 2034 872 2064; x_wconf 87' lang='lat'><strong>11.</strong></span> 
     </span>
     <span class='ocr_line' id='line_1_39' title="bbox 207 2078 874 2119; baseline 0.001 -10"><span class='ocrx_word' id='word_1_286' title='bbox 207 2095 250 2100; x_wconf 94' lang='lat'>—</span> <span class='ocrx_word' id='word_1_287' title='bbox 268 2078 479 2119; x_wconf 76' lang='lat' dir='ltr'><strong>contumelia,</strong></span> <span class='ocrx_word' id='word_1_288' title='bbox 497 2079 545 2109; x_wconf 85' lang='lat' dir='ltr'><strong>als</strong></span> <span class='ocrx_word' id='word_1_289' title='bbox 564 2079 699 2110; x_wconf 83' lang='lat' dir='ltr'><strong>Sklavin</strong></span> <span class='ocrx_word' id='word_1_290' title='bbox 719 2079 783 2109; x_wconf 86' lang='lat' dir='ltr'><strong>und</strong></span> <span class='ocrx_word' id='word_1_291' title='bbox 803 2083 874 2110; x_wconf 82' lang='lat' dir='ltr'><strong>ent-</strong></span> 
     </span>
     <span class='ocr_line' id='line_1_40' title="bbox 208 2124 874 2155; baseline 0.002 -2"><span class='ocrx_word' id='word_1_292' title='bbox 208 2124 283 2154; x_wconf 82' lang='lat' dir='ltr'><strong>ehrt</strong></span> <span class='ocrx_word' id='word_1_293' title='bbox 319 2124 410 2154; x_wconf 71' lang='lat' dir='ltr'><strong>w&#39;zire</strong></span> <span class='ocrx_word' id='word_1_294' title='bbox 444 2124 493 2154; x_wconf 86' lang='lat' dir='ltr'><strong>sie</strong></span> <span class='ocrx_word' id='word_1_295' title='bbox 534 2124 623 2155; x_wconf 86' lang='lat' dir='ltr'><strong>nicht</strong></span> <span class='ocrx_word' id='word_1_296' title='bbox 660 2124 751 2154; x_wconf 86' lang='lat' dir='ltr'><strong>mehr</strong></span> <span class='ocrx_word' id='word_1_297' title='bbox 783 2124 874 2154; x_wconf 88' lang='lat' dir='ltr'><strong>seiue</strong></span> 
     </span>
     <span class='ocr_line' id='line_1_41' title="bbox 207 2166 876 2210; baseline 0 -11"><span class='ocrx_word' id='word_1_298' title='bbox 207 2166 353 2199; x_wconf 84' lang='lat' dir='ltr'><strong>Tocbter</strong></span> <span class='ocrx_word' id='word_1_299' title='bbox 394 2177 560 2208; x_wconf 86' lang='lat' dir='ltr'><strong>gewesen.</strong></span> <span class='ocrx_word' id='word_1_300' title='bbox 607 2186 651 2191; x_wconf 85' lang='lat'>—</span> <span class='ocrx_word' id='word_1_301' title='bbox 694 2170 729 2199; x_wconf 78' lang='lat' dir='ltr'><strong>in</strong></span> <span class='ocrx_word' id='word_1_302' title='bbox 775 2179 876 2210; x_wconf 63' lang='lat' dir='ltr'><strong>spec„</strong></span> 
     </span>
     <span class='ocr_line' id='line_1_42' title="bbox 205 2213 874 2253; baseline -0.001 -9"><span class='ocrx_word' id='word_1_303' title='bbox 205 2213 380 2244; x_wconf 84' lang='lat' dir='ltr'><strong>scheinbar</strong></span> <span class='ocrx_word' id='word_1_304' title='bbox 396 2214 427 2244; x_wconf 90' lang='lat' dir='ltr'><strong>in</strong></span> <span class='ocrx_word' id='word_1_305' title='bbox 446 2223 529 2244; x_wconf 89' lang='lat' dir='ltr'><strong>usw.</strong></span> <span class='ocrx_word' id='word_1_306' title='bbox 547 2232 590 2236; x_wconf 90' lang='lat'><strong>——</strong></span> <span class='ocrx_word' id='word_1_307' title='bbox 607 2215 690 2253; x_wconf 77' lang='lat' dir='ltr'><strong>eius,</strong></span> <span class='ocrx_word' id='word_1_308' title='bbox 714 2224 740 2244; x_wconf 90' lang='lat' dir='ltr'><strong>c.</strong></span> <span class='ocrx_word' id='word_1_309' title='bbox 759 2213 812 2253; x_wconf 81' lang='lat'>40,</span> <span class='ocrx_word' id='word_1_310' title='bbox 837 2213 874 2252; x_wconf 80' lang='lat'><strong>33</strong></span> 
     </span>
     <span class='ocr_line' id='line_1_43' title="bbox 206 2257 875 2299; baseline 0.003 -11"><span class='ocrx_word' id='word_1_311' title='bbox 206 2257 236 2296; x_wconf 87' lang='grc'><strong>4,</strong></span> <span class='ocrx_word' id='word_1_312' title='bbox 264 2257 313 2297; x_wconf 91' lang='grc'><strong>16,</strong></span> <span class='ocrx_word' id='word_1_313' title='bbox 339 2258 368 2289; x_wconf 79' lang='lat'><strong>7.</strong></span> <span class='ocrx_word' id='word_1_314' title='bbox 387 2276 431 2281; x_wconf 92' lang='lat'><strong>—-—</strong></span> <span class='ocrx_word' id='word_1_315' title='bbox 447 2260 544 2299; x_wconf 79' lang='lat' dir='ltr'><strong>enim,</strong></span> <span class='ocrx_word' id='word_1_316' title='bbox 568 2258 597 2299; x_wconf 86' lang='lat'>2,</span> <span class='ocrx_word' id='word_1_317' title='bbox 624 2258 675 2297; x_wconf 83' lang='lat'>18,</span> <span class='ocrx_word' id='word_1_318' title='bbox 693 2258 724 2289; x_wconf 93' lang='grc'><strong>4.</strong></span> <span class='ocrx_word' id='word_1_319' title='bbox 754 2275 796 2280; x_wconf 87' lang='lat'><strong>—-—</strong></span> <span class='ocrx_word' id='word_1_320' title='bbox 813 2259 875 2290; x_wconf 78' lang='lat' dir='ltr'><strong>lm-</strong></span> 
     </span>
    </p>
   </div>
   <div class='ocr_carea' id='block_1_11' title="bbox 204 2304 875 2435">
    <p class='ocr_par' dir='ltr' id='par_1_12' title="bbox 204 2304 875 2435">
     <span class='ocr_line' id='line_1_44' title="bbox 206 2304 875 2346; baseline 0 -12"><span class='ocrx_word' id='word_1_321' title='bbox 206 2304 335 2335; x_wconf 61' lang='lat' dir='ltr'><strong>auisset</strong></span> <span class='ocrx_word' id='word_1_322' title='bbox 350 2314 380 2334; x_wconf 84' lang='lat' dir='ltr'><strong>n.</strong></span> <span class='ocrx_word' id='word_1_323' title='bbox 396 2306 556 2346; x_wconf 77' lang='lat' dir='ltr'><strong>positam.</strong></span> <span class='ocrx_word' id='word_1_324' title='bbox 573 2320 617 2326; x_wconf 80' lang='lat'><strong>—</strong></span> <span class='ocrx_word' id='word_1_325' title='bbox 634 2306 680 2335; x_wconf 82' lang='lat' dir='ltr'><strong>sit</strong></span> <span class='ocrx_word' id='word_1_326' title='bbox 695 2321 716 2325; x_wconf 92' lang='lat'><strong>—</strong></span> <span class='ocrx_word' id='word_1_327' title='bbox 733 2305 875 2335; x_wconf 73' lang='lat' dir='ltr'><strong>attineat</strong></span> 
     </span>
     <span class='ocr_line' id='line_1_45' title="bbox 205 2347 872 2390; baseline 0.001 -12"><span class='ocrx_word' id='word_1_328' title='bbox 205 2349 287 2379; x_wconf 81' lang='lat' dir='ltr'><strong>nach</strong></span> <span class='ocrx_word' id='word_1_329' title='bbox 305 2349 376 2379; x_wconf 88' lang='lat' dir='ltr'><strong>dem</strong></span> <span class='ocrx_word' id='word_1_330' title='bbox 392 2347 521 2390; x_wconf 77' lang='lat' dir='ltr'><strong>lmperf.</strong></span> <span class='ocrx_word' id='word_1_331' title='bbox 537 2358 589 2379; x_wconf 91' lang='lat' dir='ltr'><strong>um</strong></span> <span class='ocrx_word' id='word_1_332' title='bbox 603 2349 664 2379; x_wconf 86' lang='lat' dir='ltr'><strong>den</strong></span> <span class='ocrx_word' id='word_1_333' title='bbox 680 2349 872 2387; x_wconf 82' lang='lat' dir='ltr'><strong>steigenden</strong></span> 
     </span>
     <span class='ocr_line' id='line_1_46' title="bbox 204 2393 873 2435; baseline 0.001 -11"><span class='ocrx_word' id='word_1_334' title='bbox 204 2393 312 2425; x_wconf 79' lang='lat' dir='ltr'><strong>Affect</strong></span> <span class='ocrx_word' id='word_1_335' title='bbox 340 2404 382 2425; x_wconf 87' lang='lat' dir='ltr'><strong>zu</strong></span> <span class='ocrx_word' id='word_1_336' title='bbox 411 2394 622 2425; x_wconf 85' lang='lat' dir='ltr'><strong>bezeichnen.</strong></span> <span class='ocrx_word' id='word_1_337' title='bbox 650 2411 694 2416; x_wconf 90' lang='lat'><strong>·—-</strong></span> <span class='ocrx_word' id='word_1_338' title='bbox 729 2393 873 2435; x_wconf 83' lang='lat' dir='ltr'><strong>doemn.‚</strong></span> 
     </span>
    </p>
   </div>
   <div class='ocr_carea' id='block_1_12' title="bbox 202 2438 874 2661">
    <p class='ocr_par' dir='ltr' id='par_1_13' title="bbox 203 2438 874 2569">
     <span class='ocr_line' id='line_1_47' title="bbox 207 2438 871 2480; baseline 0.002 -11"><span class='ocrx_word' id='word_1_339' title='bbox 207 2438 236 2477; x_wconf 91' lang='grc'><strong>1,</strong></span> <span class='ocrx_word' id='word_1_340' title='bbox 257 2438 308 2478; x_wconf 80' lang='grc'><strong>52,</strong></span> <span class='ocrx_word' id='word_1_341' title='bbox 340 2439 382 2477; x_wconf 85' lang='grc'><strong>4;</strong></span> <span class='ocrx_word' id='word_1_342' title='bbox 406 2438 460 2477; x_wconf 73' lang='grc'><strong>24,</strong></span> <span class='ocrx_word' id='word_1_343' title='bbox 485 2438 513 2479; x_wconf 88' lang='grc'><strong>8,</strong></span> <span class='ocrx_word' id='word_1_344' title='bbox 540 2438 592 2470; x_wconf 85' lang='lat'><strong>20.</strong></span> <span class='ocrx_word' id='word_1_345' title='bbox 617 2456 661 2461; x_wconf 92' lang='lat'><strong>——</strong></span> <span class='ocrx_word' id='word_1_346' title='bbox 685 2440 871 2480; x_wconf 73' lang='lat' dir='ltr'><strong>victuras,</strong></span> 
     </span>
     <span class='ocr_line' id='line_1_48' title="bbox 203 2483 874 2524; baseline 0.003 -11"><span class='ocrx_word' id='word_1_347' title='bbox 203 2483 255 2514; x_wconf 83' lang='lat' dir='ltr'><strong>die</strong></span> <span class='ocrx_word' id='word_1_348' title='bbox 275 2483 464 2524; x_wconf 81' lang='lat' dir='ltr'><strong>Bedingung</strong></span> <span class='ocrx_word' id='word_1_349' title='bbox 481 2484 564 2523; x_wconf 77' lang='lat' dir='ltr'><strong>liegt</strong></span> <span class='ocrx_word' id='word_1_350' title='bbox 581 2484 610 2514; x_wconf 91' lang='lat' dir='ltr'><strong>in</strong></span> <span class='ocrx_word' id='word_1_351' title='bbox 630 2483 721 2515; x_wconf 70' lang='lat' dir='ltr'><strong>ultra</strong></span> <span class='ocrx_word' id='word_1_352' title='bbox 739 2498 761 2509; x_wconf 88' lang='lat'><strong><em>=</em></strong></span> <span class='ocrx_word' id='word_1_353' title='bbox 776 2486 809 2515; x_wconf 82' lang='lat' dir='ltr'><strong>si</strong></span> <span class='ocrx_word' id='word_1_354' title='bbox 824 2484 874 2516; x_wconf 76' lang='lat' dir='ltr'><strong>ul-</strong></span> 
     </span>
     <span class='ocr_line' id='line_1_49' title="bbox 203 2528 692 2569; baseline 0.004 -11"><span class='ocrx_word' id='word_1_355' title='bbox 203 2531 258 2559; x_wconf 79' lang='lat' dir='ltr'><strong>tra</strong></span> <span class='ocrx_word' id='word_1_356' title='bbox 275 2530 431 2569; x_wconf 53' lang='lat' dir='ltr'><strong>velasset,</strong></span> <span class='ocrx_word' id='word_1_357' title='bbox 456 2529 519 2569; x_wconf 85' lang='lat' dir='ltr'><strong>vgl.</strong></span> <span class='ocrx_word' id='word_1_358' title='bbox 539 2529 570 2566; x_wconf 85' lang='lat'>4,</span> <span class='ocrx_word' id='word_1_359' title='bbox 589 2528 642 2567; x_wconf 80' lang='lat'>52,</span> <span class='ocrx_word' id='word_1_360' title='bbox 662 2528 692 2560; x_wconf 87' lang='lat'><strong>3.</strong></span> 
     </span>
    </p>

    <p class='ocr_par' dir='ltr' id='par_1_14' title="bbox 202 2573 870 2661">
     <span class='ocr_line' id='line_1_50' title="bbox 247 2573 870 2611; baseline 0 -7"><span class='ocrx_word' id='word_1_361' title='bbox 247 2574 346 2605; x_wconf 74' lang='lat'>9-10.</span> <span class='ocrx_word' id='word_1_362' title='bbox 371 2574 448 2611; x_wconf 73' lang='lat' dir='ltr'><strong>alia,</strong></span> <span class='ocrx_word' id='word_1_363' title='bbox 468 2584 535 2604; x_wconf 83' lang='lat' dir='ltr'><strong>was</strong></span> <span class='ocrx_word' id='word_1_364' title='bbox 553 2584 591 2605; x_wconf 84' lang='lat' dir='ltr'><strong>er</strong></span> <span class='ocrx_word' id='word_1_365' title='bbox 608 2578 702 2605; x_wconf 82' lang='lat' dir='ltr'><strong>sonst</strong></span> <span class='ocrx_word' id='word_1_366' title='bbox 718 2573 800 2604; x_wconf 81' lang='lat' dir='ltr'><strong>iiber</strong></span> <span class='ocrx_word' id='word_1_367' title='bbox 818 2573 870 2605; x_wconf 90' lang='lat' dir='ltr'><strong>ihn</strong></span> 
     </span>
     <span class='ocr_line' id='line_1_51' title="bbox 202 2617 870 2661; baseline 0 -11"><span class='ocrx_word' id='word_1_368' title='bbox 202 2619 380 2660; x_wconf 56' lang='lat' dir='ltr'><strong>verhtinge,</strong></span> <span class='ocrx_word' id='word_1_369' title='bbox 429 2617 646 2661; x_wconf 65' lang='lat' dir='ltr'><strong>Gesangniss,</strong></span> <span class='ocrx_word' id='word_1_370' title='bbox 682 2618 870 2651; x_wconf 83' lang='lat' dir='ltr'><strong>Misshand-</strong></span> 
     </span>
    </p>
   </div>
   <div class='ocr_carea' id='block_1_13' title="bbox 941 1584 1626 2662">
    <p class='ocr_par' dir='ltr' id='par_1_15' title="bbox 941 1584 1626 2662">
     <span class='ocr_line' id='line_1_52' title="bbox 956 1584 1626 1624; baseline 0.001 -9"><span class='ocrx_word' id='word_1_371' title='bbox 956 1584 1059 1616; x_wconf 81' lang='lat' dir='ltr'><strong>simul</strong></span> <span class='ocrx_word' id='word_1_372' title='bbox 1098 1585 1213 1615; x_wconf 83' lang='lat' dir='ltr'><strong>stehen</strong></span> <span class='ocrx_word' id='word_1_373' title='bbox 1256 1584 1285 1615; x_wconf 91' lang='lat' dir='ltr'><strong>in</strong></span> <span class='ocrx_word' id='word_1_374' title='bbox 1334 1584 1626 1624; x_wconf 83' lang='lat' dir='ltr'><strong>ungewb‘hnlicher</strong></span> 
     </span>
     <span class='ocr_line' id='line_1_53' title="bbox 957 1628 1625 1669; baseline 0.001 -9"><span class='ocrx_word' id='word_1_375' title='bbox 957 1628 1074 1660; x_wconf 88' lang='lat' dir='ltr'><strong>Weise</strong></span> <span class='ocrx_word' id='word_1_376' title='bbox 1108 1630 1138 1660; x_wconf 88' lang='lat' dir='ltr'><strong>in</strong></span> <span class='ocrx_word' id='word_1_377' title='bbox 1169 1629 1358 1669; x_wconf 75' lang='lat' dir='ltr'><strong>Bezieliung</strong></span> <span class='ocrx_word' id='word_1_378' title='bbox 1387 1640 1428 1660; x_wconf 89' lang='lat' dir='ltr'><strong>zu</strong></span> <span class='ocrx_word' id='word_1_379' title='bbox 1458 1630 1625 1669; x_wconf 85' lang='lat' dir='ltr'><strong>einander,</strong></span> 
     </span>
     <span class='ocr_line' id='line_1_54' title="bbox 956 1674 1626 1715; baseline 0.001 -10"><span class='ocrx_word' id='word_1_380' title='bbox 956 1675 1064 1705; x_wconf 88' lang='lat' dir='ltr'><strong>indem</strong></span> <span class='ocrx_word' id='word_1_381' title='bbox 1083 1674 1120 1706; x_wconf 87' lang='lat' dir='ltr'><strong>L.</strong></span> <span class='ocrx_word' id='word_1_382' title='bbox 1139 1685 1176 1706; x_wconf 87' lang='lat' dir='ltr'><strong>so</strong></span> <span class='ocrx_word' id='word_1_383' title='bbox 1202 1674 1346 1715; x_wconf 82' lang='lat' dir='ltr'><strong>beginnt,</strong></span> <span class='ocrx_word' id='word_1_384' title='bbox 1369 1675 1418 1705; x_wconf 87' lang='lat' dir='ltr'><strong>als</strong></span> <span class='ocrx_word' id='word_1_385' title='bbox 1443 1674 1483 1705; x_wconf 95' lang='lat' dir='ltr'><strong>ob</strong></span> <span class='ocrx_word' id='word_1_386' title='bbox 1508 1684 1545 1706; x_wconf 90' lang='lat' dir='ltr'><strong>er</strong></span> <span class='ocrx_word' id='word_1_387' title='bbox 1567 1675 1626 1706; x_wconf 76' lang='lat' dir='ltr'><strong>mit</strong></span> 
     </span>
     <span class='ocr_line' id='line_1_55' title="bbox 954 1718 1623 1762; baseline 0.001 -11"><span class='ocrx_word' id='word_1_388' title='bbox 954 1722 1025 1751; x_wconf 78' lang='lat' dir='ltr'><strong>tum</strong></span> <span class='ocrx_word' id='word_1_389' title='bbox 1042 1718 1246 1751; x_wconf 84' lang='lat' dir='ltr'><strong>fortwahren</strong></span> <span class='ocrx_word' id='word_1_390' title='bbox 1262 1719 1370 1750; x_wconf 83' lang='lat' dir='ltr'><strong>wolle.</strong></span> <span class='ocrx_word' id='word_1_391' title='bbox 1385 1738 1424 1741; x_wconf 97' lang='lat'><strong>—</strong></span> <span class='ocrx_word' id='word_1_392' title='bbox 1439 1721 1623 1762; x_wconf 74' lang='lat' dir='ltr'><strong>potuerint,</strong></span> 
     </span>
     <span class='ocr_line' id='line_1_56' title="bbox 954 1764 1622 1803; baseline 0.001 -8"><span class='ocrx_word' id='word_1_393' title='bbox 954 1766 1006 1796; x_wconf 89' lang='lat' dir='ltr'><strong>ein</strong></span> <span class='ocrx_word' id='word_1_394' title='bbox 1037 1765 1168 1795; x_wconf 85' lang='lat' dir='ltr'><strong>solches</strong></span> <span class='ocrx_word' id='word_1_395' title='bbox 1198 1765 1249 1795; x_wconf 89' lang='lat' dir='ltr'><strong>bei</strong></span> <span class='ocrx_word' id='word_1_396' title='bbox 1273 1764 1394 1803; x_wconf 70' lang='lat' dir='ltr'><strong>rideri,</strong></span> <span class='ocrx_word' id='word_1_397' title='bbox 1425 1774 1476 1794; x_wconf 85' lang='lat' dir='ltr'><strong>wo</strong></span> <span class='ocrx_word' id='word_1_398' title='bbox 1501 1765 1563 1795; x_wconf 87' lang='lat' dir='ltr'><strong>wir</strong></span> <span class='ocrx_word' id='word_1_399' title='bbox 1585 1775 1622 1796; x_wconf 85' lang='lat' dir='ltr'><strong>es</strong></span> 
     </span>
     <span class='ocr_line' id='line_1_57' title="bbox 954 1810 1621 1852; baseline 0 -11"><span class='ocrx_word' id='word_1_400' title='bbox 954 1811 1044 1841; x_wconf 78' lang='lat' dir='ltr'><strong>nicht</strong></span> <span class='ocrx_word' id='word_1_401' title='bbox 1062 1810 1257 1846; x_wconf 84' lang='lat' dir='ltr'><strong>vermissen,</strong></span> <span class='ocrx_word' id='word_1_402' title='bbox 1282 1813 1495 1849; x_wconf 76' lang='lat' dir='ltr'><strong>zugesetztes</strong></span> <span class='ocrx_word' id='word_1_403' title='bbox 1510 1819 1621 1852; x_wconf 81' lang='lat' dir='ltr'><strong>posse,</strong></span> 
     </span>
     <span class='ocr_line' id='line_1_58' title="bbox 953 1852 1619 1894; baseline -0.003 -8"><span class='ocrx_word' id='word_1_404' title='bbox 953 1865 979 1886; x_wconf 94' lang='lat' dir='ltr'><strong>s.</strong></span> <span class='ocrx_word' id='word_1_405' title='bbox 996 1865 1036 1886; x_wconf 92' lang='lat' dir='ltr'><strong>zu</strong></span> <span class='ocrx_word' id='word_1_406' title='bbox 1051 1865 1079 1885; x_wconf 89' lang='lat' dir='ltr'><strong>c.</strong></span> <span class='ocrx_word' id='word_1_407' title='bbox 1094 1854 1148 1894; x_wconf 81' lang='lat'>34,</span> <span class='ocrx_word' id='word_1_408' title='bbox 1168 1855 1206 1891; x_wconf 70' lang='grc' dir='ltr'><strong>ὃς</strong></span> <span class='ocrx_word' id='word_1_409' title='bbox 1221 1854 1274 1892; x_wconf 89' lang='grc'><strong>36,</strong></span> <span class='ocrx_word' id='word_1_410' title='bbox 1289 1854 1325 1891; x_wconf 79' lang='lat'><strong>63</strong></span> <span class='ocrx_word' id='word_1_411' title='bbox 1341 1853 1395 1893; x_wconf 89' lang='grc'><strong>36,</strong></span> <span class='ocrx_word' id='word_1_412' title='bbox 1410 1852 1563 1894; x_wconf 77' lang='lat' dir='ltr'><strong>35‚11u.</strong></span> <span class='ocrx_word' id='word_1_413' title='bbox 1579 1865 1619 1894; x_wconf 91' lang='lat' dir='ltr'><strong>o.,</strong></span> 
     </span>
     <span class='ocr_line' id='line_1_59' title="bbox 951 1897 1621 1938; baseline -0.001 -7"><span class='ocrx_word' id='word_1_414' title='bbox 951 1900 1037 1931; x_wconf 63' lang='lat' dir='ltr'><strong>liisst</strong></span> <span class='ocrx_word' id='word_1_415' title='bbox 1055 1900 1122 1930; x_wconf 90' lang='lat' dir='ltr'><strong>sich</strong></span> <span class='ocrx_word' id='word_1_416' title='bbox 1140 1897 1324 1930; x_wconf 80' lang='lat' dir='ltr'><strong>auffassen:</strong></span> <span class='ocrx_word' id='word_1_417' title='bbox 1348 1909 1383 1929; x_wconf 88' lang='lat' dir='ltr'><strong>es</strong></span> <span class='ocrx_word' id='word_1_418' title='bbox 1408 1898 1493 1938; x_wconf 85' lang='lat' dir='ltr'><strong>liege</strong></span> <span class='ocrx_word' id='word_1_419' title='bbox 1511 1899 1542 1930; x_wconf 90' lang='lat' dir='ltr'><strong>in</strong></span> <span class='ocrx_word' id='word_1_420' title='bbox 1561 1899 1621 1930; x_wconf 84' lang='lat' dir='ltr'><strong>der</strong></span> 
     </span>
     <span class='ocr_line' id='line_1_60' title="bbox 951 1944 1620 1982; baseline -0.001 -6"><span class='ocrx_word' id='word_1_421' title='bbox 951 1944 1060 1976; x_wconf 85' lang='lat' dir='ltr'><strong>Natur</strong></span> <span class='ocrx_word' id='word_1_422' title='bbox 1077 1944 1136 1975; x_wconf 88' lang='lat' dir='ltr'><strong>der</strong></span> <span class='ocrx_word' id='word_1_423' title='bbox 1149 1944 1266 1982; x_wconf 85' lang='lat' dir='ltr'><strong>Sache,</strong></span> <span class='ocrx_word' id='word_1_424' title='bbox 1283 1944 1359 1974; x_wconf 78' lang='lat' dir='ltr'><strong>dass</strong></span> <span class='ocrx_word' id='word_1_425' title='bbox 1375 1954 1410 1974; x_wconf 89' lang='lat' dir='ltr'><strong>es</strong></span> <span class='ocrx_word' id='word_1_426' title='bbox 1425 1954 1461 1974; x_wconf 89' lang='lat' dir='ltr'><strong>so</strong></span> <span class='ocrx_word' id='word_1_427' title='bbox 1476 1944 1620 1975; x_wconf 82' lang='lat' dir='ltr'><strong>erschie-</strong></span> 
     </span>
     <span class='ocr_line' id='line_1_61' title="bbox 950 1988 1620 2032; baseline 0 -12"><span class='ocrx_word' id='word_1_428' title='bbox 950 1999 1012 2020; x_wconf 87' lang='lat' dir='ltr'><strong>nen</strong></span> <span class='ocrx_word' id='word_1_429' title='bbox 1031 1989 1092 2028; x_wconf 89' lang='lat' dir='ltr'><strong>sei,</strong></span> <span class='ocrx_word' id='word_1_430' title='bbox 1110 1989 1175 2028; x_wconf 85' lang='lat' dir='ltr'><strong>vgl.</strong></span> <span class='ocrx_word' id='word_1_431' title='bbox 1194 1989 1226 2027; x_wconf 80' lang='lat'>4,</span> <span class='ocrx_word' id='word_1_432' title='bbox 1244 1988 1298 2026; x_wconf 84' lang='lat'>42,</span> <span class='ocrx_word' id='word_1_433' title='bbox 1318 1989 1353 2027; x_wconf 79' lang='lat'><strong>73</strong></span> <span class='ocrx_word' id='word_1_434' title='bbox 1374 1991 1560 2032; x_wconf 75' lang='lat' dir='ltr'><strong>oportuerit</strong></span> <span class='ocrx_word' id='word_1_435' title='bbox 1578 2000 1620 2020; x_wconf 92' lang='lat' dir='ltr'><strong>zu</strong></span> 
     </span>
     <span class='ocr_line' id='line_1_62' title="bbox 949 2034 1616 2077; baseline 0.003 -13"><span class='ocrx_word' id='word_1_436' title='bbox 949 2035 1074 2065; x_wconf 77' lang='lat' dir='ltr'><strong>iinderu</strong></span> <span class='ocrx_word' id='word_1_437' title='bbox 1088 2034 1131 2065; x_wconf 85' lang='lat' dir='ltr'><strong>ist</strong></span> <span class='ocrx_word' id='word_1_438' title='bbox 1145 2034 1234 2064; x_wconf 84' lang='lat' dir='ltr'><strong>nicht</strong></span> <span class='ocrx_word' id='word_1_439' title='bbox 1249 2034 1616 2077; x_wconf 73' lang='lat' dir='ltr'><strong>niitliig.—p1·oflig&#39;at.,</strong></span> 
     </span>
     <span class='ocr_line' id='line_1_63' title="bbox 946 2079 1618 2118; baseline 0 -8"><span class='ocrx_word' id='word_1_440' title='bbox 946 2079 1160 2118; x_wconf 78' lang='lat' dir='ltr'><strong>erschiittert,</strong></span> <span class='ocrx_word' id='word_1_441' title='bbox 1172 2079 1252 2110; x_wconf 85' lang='lat' dir='ltr'><strong>oder</strong></span> <span class='ocrx_word' id='word_1_442' title='bbox 1260 2079 1492 2110; x_wconf 78' lang='lat' dir='ltr'><strong>iibertreibend</strong></span> <span class='ocrx_word' id='word_1_443' title='bbox 1501 2091 1508 2110; x_wconf 85' lang='lat'>:</span> <span class='ocrx_word' id='word_1_444' title='bbox 1518 2080 1618 2110; x_wconf 83' lang='lat' dir='ltr'><strong>sebon</strong></span> 
     </span>
     <span class='ocr_line' id='line_1_64' title="bbox 948 2123 1592 2165; baseline 0.002 -10"><span class='ocrx_word' id='word_1_445' title='bbox 948 2134 984 2155; x_wconf 90' lang='lat' dir='ltr'><strong>so</strong></span> <span class='ocrx_word' id='word_1_446' title='bbox 999 2128 1058 2163; x_wconf 83' lang='lat' dir='ltr'><strong>gut</strong></span> <span class='ocrx_word' id='word_1_447' title='bbox 1075 2124 1137 2155; x_wconf 87' lang='lat' dir='ltr'><strong>wie</strong></span> <span class='ocrx_word' id='word_1_448' title='bbox 1156 2124 1354 2162; x_wconf 81' lang='lat' dir='ltr'><strong>vernicbtet,</strong></span> <span class='ocrx_word' id='word_1_449' title='bbox 1372 2134 1398 2155; x_wconf 89' lang='lat' dir='ltr'><strong>s.</strong></span> <span class='ocrx_word' id='word_1_450' title='bbox 1418 2123 1471 2162; x_wconf 85' lang='lat'>28,</span> <span class='ocrx_word' id='word_1_451' title='bbox 1490 2124 1520 2165; x_wconf 89' lang='grc'><strong>2,</strong></span> <span class='ocrx_word' id='word_1_452' title='bbox 1541 2124 1592 2156; x_wconf 89' lang='grc'><strong>11.</strong></span> 
     </span>
     <span class='ocr_line' id='line_1_65' title="bbox 995 2169 1617 2210; baseline 0 -10"><span class='ocrx_word' id='word_1_453' title='bbox 995 2169 1045 2200; x_wconf 84' lang='grc'><strong>11.</strong></span> <span class='ocrx_word' id='word_1_454' title='bbox 1064 2171 1279 2210; x_wconf 76' lang='lat' dir='ltr'><strong>inseeutosq.‚</strong></span> <span class='ocrx_word' id='word_1_455' title='bbox 1297 2179 1392 2200; x_wconf 84' lang='lat' dir='ltr'><strong>wenn</strong></span> <span class='ocrx_word' id='word_1_456' title='bbox 1407 2170 1496 2201; x_wconf 80' lang='lat' dir='ltr'><strong>nicht</strong></span> <span class='ocrx_word' id='word_1_457' title='bbox 1508 2170 1617 2200; x_wconf 85' lang='lat' dir='ltr'><strong>dieses</strong></span> 
     </span>
     <span class='ocr_line' id='line_1_66' title="bbox 948 2214 1616 2257; baseline 0.001 -13"><span class='ocrx_word' id='word_1_458' title='bbox 948 2214 1011 2245; x_wconf 87' lang='lat' dir='ltr'><strong>wie</strong></span> <span class='ocrx_word' id='word_1_459' title='bbox 1029 2216 1180 2257; x_wconf 76' lang='lat' dir='ltr'><strong>Appium</strong></span> <span class='ocrx_word' id='word_1_460' title='bbox 1199 2233 1220 2237; x_wconf 87' lang='lat'><strong>—-</strong></span> <span class='ocrx_word' id='word_1_461' title='bbox 1238 2215 1346 2246; x_wconf 78' lang='lat' dir='ltr'><strong>obisse</strong></span> <span class='ocrx_word' id='word_1_462' title='bbox 1363 2214 1453 2245; x_wconf 85' lang='lat' dir='ltr'><strong>bloss</strong></span> <span class='ocrx_word' id='word_1_463' title='bbox 1471 2224 1533 2245; x_wconf 88' lang='lat' dir='ltr'><strong>von</strong></span> <span class='ocrx_word' id='word_1_464' title='bbox 1553 2214 1616 2245; x_wconf 88' lang='lat' dir='ltr'><strong>den</strong></span> 
     </span>
     <span class='ocr_line' id='line_1_67' title="bbox 947 2258 1615 2298; baseline 0 -8"><span class='ocrx_word' id='word_1_465' title='bbox 947 2258 1122 2290; x_wconf 85' lang='lat' dir='ltr'><strong>Redenden</strong></span> <span class='ocrx_word' id='word_1_466' title='bbox 1142 2260 1304 2291; x_wconf 75' lang='lat' dir='ltr'><strong>erdichtet</strong></span> <span class='ocrx_word' id='word_1_467' title='bbox 1318 2260 1372 2298; x_wconf 84' lang='lat' dir='ltr'><strong>ist,</strong></span> <span class='ocrx_word' id='word_1_468' title='bbox 1391 2269 1428 2290; x_wconf 92' lang='lat' dir='ltr'><strong>so</strong></span> <span class='ocrx_word' id='word_1_469' title='bbox 1444 2259 1528 2290; x_wconf 80' lang='lat' dir='ltr'><strong>kann</strong></span> <span class='ocrx_word' id='word_1_470' title='bbox 1543 2269 1615 2290; x_wconf 87' lang='lat' dir='ltr'><strong>man</strong></span> 
     </span>
     <span class='ocr_line' id='line_1_68' title="bbox 946 2303 1614 2344; baseline 0 -9"><span class='ocrx_word' id='word_1_471' title='bbox 946 2306 1140 2344; x_wconf 76' lang='lat' dir='ltr'><strong>annehinen,</strong></span> <span class='ocrx_word' id='word_1_472' title='bbox 1174 2306 1250 2336; x_wconf 87' lang='lat' dir='ltr'><strong>dass</strong></span> <span class='ocrx_word' id='word_1_473' title='bbox 1283 2305 1314 2336; x_wconf 90' lang='lat' dir='ltr'><strong>in</strong></span> <span class='ocrx_word' id='word_1_474' title='bbox 1344 2305 1403 2335; x_wconf 86' lang='lat' dir='ltr'><strong>der</strong></span> <span class='ocrx_word' id='word_1_475' title='bbox 1432 2303 1517 2343; x_wconf 85' lang='lat' dir='ltr'><strong>Zeit,</strong></span> <span class='ocrx_word' id='word_1_476' title='bbox 1550 2304 1614 2336; x_wconf 81' lang='lat' dir='ltr'><strong>seit</strong></span> 
     </span>
     <span class='ocr_line' id='line_1_69' title="bbox 947 2348 1614 2390; baseline -0.001 -9"><span class='ocrx_word' id='word_1_477' title='bbox 947 2348 1048 2390; x_wconf 81' lang='lat' dir='ltr'><strong>Verg.</strong></span> <span class='ocrx_word' id='word_1_478' title='bbox 1073 2351 1102 2381; x_wconf 90' lang='lat' dir='ltr'><strong>in</strong></span> <span class='ocrx_word' id='word_1_479' title='bbox 1129 2351 1185 2381; x_wconf 81' lang='lat' dir='ltr'><strong>das</strong></span> <span class='ocrx_word' id='word_1_480' title='bbox 1207 2350 1316 2390; x_wconf 75' lang='lat' dir='ltr'><strong>Lagei·</strong></span> <span class='ocrx_word' id='word_1_481' title='bbox 1337 2349 1528 2389; x_wconf 82' lang='lat' dir='ltr'><strong>gekoinmen</strong></span> <span class='ocrx_word' id='word_1_482' title='bbox 1558 2349 1614 2390; x_wconf 89' lang='lat' dir='ltr'><strong>ist,</strong></span> 
     </span>
     <span class='ocr_line' id='line_1_70' title="bbox 947 2394 1614 2427; baseline 0.001 -2"><span class='ocrx_word' id='word_1_483' title='bbox 947 2395 998 2426; x_wconf 87' lang='lat' dir='ltr'><strong>die</strong></span> <span class='ocrx_word' id='word_1_484' title='bbox 1031 2395 1187 2427; x_wconf 83' lang='lat' dir='ltr'><strong>Soldaten</strong></span> <span class='ocrx_word' id='word_1_485' title='bbox 1221 2395 1436 2426; x_wconf 80' lang='lat' dir='ltr'><strong>versammelt</strong></span> <span class='ocrx_word' id='word_1_486' title='bbox 1472 2394 1535 2425; x_wconf 91' lang='lat' dir='ltr'><strong>und</strong></span> <span class='ocrx_word' id='word_1_487' title='bbox 1572 2404 1614 2426; x_wconf 89' lang='lat' dir='ltr'><strong>zu</strong></span> 
     </span>
     <span class='ocr_line' id='line_1_71' title="bbox 946 2439 1612 2482; baseline 0 -12"><span class='ocrx_word' id='word_1_488' title='bbox 946 2440 1042 2470; x_wconf 79' lang='lat' dir='ltr'><strong>ihnen</strong></span> <span class='ocrx_word' id='word_1_489' title='bbox 1067 2441 1270 2482; x_wconf 80' lang='lat' dir='ltr'><strong>gesproclien</strong></span> <span class='ocrx_word' id='word_1_490' title='bbox 1298 2441 1361 2478; x_wconf 74' lang='lat' dir='ltr'><strong>bnt,</strong></span> <span class='ocrx_word' id='word_1_491' title='bbox 1387 2440 1438 2470; x_wconf 86' lang='lat' dir='ltr'><strong>die</strong></span> <span class='ocrx_word' id='word_1_492' title='bbox 1462 2440 1533 2470; x_wconf 85' lang='lat' dir='ltr'><strong>hier</strong></span> <span class='ocrx_word' id='word_1_493' title='bbox 1552 2439 1612 2470; x_wconf 88' lang='lat' dir='ltr'><strong>Be-</strong></span> 
     </span>
     <span class='ocr_line' id='line_1_72' title="bbox 945 2484 1613 2524; baseline -0.001 -8"><span class='ocrx_word' id='word_1_494' title='bbox 945 2486 1140 2517; x_wconf 81' lang='lat' dir='ltr'><strong>zeichneten</strong></span> <span class='ocrx_word' id='word_1_495' title='bbox 1158 2485 1336 2524; x_wconf 71' lang='lat' dir='ltr'><strong>angelangt</strong></span> <span class='ocrx_word' id='word_1_496' title='bbox 1358 2484 1442 2521; x_wconf 84' lang='lat' dir='ltr'><strong>sind,</strong></span> <span class='ocrx_word' id='word_1_497' title='bbox 1467 2485 1537 2515; x_wconf 88' lang='lat' dir='ltr'><strong>ihre</strong></span> <span class='ocrx_word' id='word_1_498' title='bbox 1555 2494 1613 2515; x_wconf 82' lang='lat' dir='ltr'><strong>er-</strong></span> 
     </span>
     <span class='ocr_line' id='line_1_73' title="bbox 943 2529 1612 2570; baseline -0.001 -9"><span class='ocrx_word' id='word_1_499' title='bbox 943 2530 1109 2561; x_wconf 78' lang='lat' dir='ltr'><strong>dicliteten</strong></span> <span class='ocrx_word' id='word_1_500' title='bbox 1129 2530 1284 2570; x_wconf 83' lang='lat' dir='ltr'><strong>Auguben</strong></span> <span class='ocrx_word' id='word_1_501' title='bbox 1303 2530 1383 2560; x_wconf 86' lang='lat' dir='ltr'><strong>aber</strong></span> <span class='ocrx_word' id='word_1_502' title='bbox 1400 2530 1489 2560; x_wconf 81' lang='lat' dir='ltr'><strong>nicht</strong></span> <span class='ocrx_word' id='word_1_503' title='bbox 1505 2529 1612 2560; x_wconf 72' lang='lat' dir='ltr'><strong>selbst</strong></span> 
     </span>
     <span class='ocr_line' id='line_1_74' title="bbox 941 2574 1611 2615; baseline 0 -10"><span class='ocrx_word' id='word_1_504' title='bbox 941 2580 1133 2615; x_wconf 64' lang='lat' dir='ltr'><strong>vmtragen,</strong></span> <span class='ocrx_word' id='word_1_505' title='bbox 1173 2575 1316 2607; x_wconf 83' lang='lat' dir='ltr'><strong>sonderu</strong></span> <span class='ocrx_word' id='word_1_506' title='bbox 1357 2575 1466 2609; x_wconf 74' lang='lat' dir='ltr'><strong>dieses</strong></span> <span class='ocrx_word' id='word_1_507' title='bbox 1505 2574 1611 2605; x_wconf 66' lang='lat' dir='ltr'><strong>denen</strong></span> 
     </span>
     <span class='ocr_line' id='line_1_75' title="bbox 941 2619 1610 2662; baseline -0.003 -11"><span class='ocrx_word' id='word_1_508' title='bbox 941 2619 1150 2662; x_wconf 81' lang='lat' dir='ltr'><strong>iiberlassen,</strong></span> <span class='ocrx_word' id='word_1_509' title='bbox 1182 2620 1332 2652; x_wconf 82' lang='lat' dir='ltr'><strong>welchen</strong></span> <span class='ocrx_word' id='word_1_510' title='bbox 1361 2620 1410 2651; x_wconf 87' lang='lat' dir='ltr'><strong>sie</strong></span> <span class='ocrx_word' id='word_1_511' title='bbox 1439 2619 1610 2650; x_wconf 81' lang='lat' dir='ltr'><strong>dieselben</strong></span> 
     </span>
    </p>
   </div>
  </div>
 </body>
</html>
