<?xml version="1.0" encoding="UTF-8"?>
<!DOCTYPE html PUBLIC "-//W3C//DTD XHTML 1.0 Transitional//EN"
    "http://www.w3.org/TR/xhtml1/DTD/xhtml1-transitional.dtd">
<html xmlns="http://www.w3.org/1999/xhtml" xml:lang="en" lang="en">
 <head>
  <title>
</title>
<meta http-equiv="Content-Type" content="text/html;charset=utf-8" />
  <meta name='ocr-system' content='tesseract 3.04.00' />
  <meta name='ocr-capabilities' content='ocr_page ocr_carea ocr_par ocr_line ocrx_word'/>
</head>
<body>
  <div class='ocr_page' id='page_1' title='image "./aburbeconditalib0102livyuoft_0701.png"; bbox 0 0 1698 2864; ppageno 0'>
   <div class='ocr_carea' id='block_1_1' title="bbox 578 186 1064 219">
    <p class='ocr_par' dir='ltr' id='par_1_1' title="bbox 578 186 1064 219">
     <span class='ocr_line' id='line_1_1' title="bbox 578 186 1064 219; baseline 0.002 -1"><span class='ocrx_word' id='word_1_1' title='bbox 578 186 705 219; x_wconf 84' lang='lat' dir='ltr'>LIBER</span> <span class='ocrx_word' id='word_1_2' title='bbox 723 186 779 218; x_wconf 90' lang='lat' dir='ltr'>lv.</span> <span class='ocrx_word' id='word_1_3' title='bbox 817 186 910 219; x_wconf 83' lang='lat' dir='ltr'><strong>CAP.</strong></span> <span class='ocrx_word' id='word_1_4' title='bbox 932 187 984 219; x_wconf 91' lang='lat'>12.</span> <span class='ocrx_word' id='word_1_5' title='bbox 1012 187 1064 219; x_wconf 88' lang='lat'>13.</span> 
     </span>
    </p>
   </div>
   <div class='ocr_carea' id='block_1_2' title="bbox 114 188 1514 227">
    <p class='ocr_par' dir='ltr' id='par_1_2' title="bbox 114 188 1514 227">
     <span class='ocr_line' id='line_1_2' title="bbox 114 188 1514 227; baseline 0.001 -3"><span class='ocrx_word' id='word_1_6' title='bbox 114 205 140 224; x_wconf 73' lang='lat' dir='ltr'>a.</span> <span class='ocrx_word' id='word_1_7' title='bbox 162 197 216 224; x_wconf 74' lang='lat' dir='ltr'>ch.</span> <span class='ocrx_word' id='word_1_8' title='bbox 237 197 298 223; x_wconf 79' lang='lat'><strong>440.</strong></span> <span class='ocrx_word' id='word_1_9' title='bbox 314 197 377 223; x_wconf 82' lang='lat'><strong>439.</strong></span> <span class='ocrx_word' id='word_1_10' title='bbox 1441 188 1514 227; x_wconf 87' lang='lat'>171</span> 
     </span>
    </p>
   </div>
   <div class='ocr_carea' id='block_1_3' title="bbox 108 288 1603 1468">
    <p class='ocr_par' dir='ltr' id='par_1_3' title="bbox 113 288 1589 509">
     <span class='ocr_line' id='line_1_3' title="bbox 114 288 1522 341; baseline -0.001 -12"><span class='ocrx_word' id='word_1_11' title='bbox 114 290 250 330; x_wconf 87' lang='lat' dir='ltr'>ciendo</span> <span class='ocrx_word' id='word_1_12' title='bbox 285 291 362 329; x_wconf 86' lang='lat' dir='ltr'>irae</span> <span class='ocrx_word' id='word_1_13' title='bbox 395 289 529 341; x_wconf 90' lang='lat' dir='ltr'>populi</span> <span class='ocrx_word' id='word_1_14' title='bbox 564 288 860 334; x_wconf 84' lang='lat' dir='ltr'>frumentarios,</span> <span class='ocrx_word' id='word_1_15' title='bbox 897 289 1031 328; x_wconf 87' lang='lat' dir='ltr'>acerba</span> <span class='ocrx_word' id='word_1_16' title='bbox 1065 290 1317 340; x_wconf 84' lang='lat' dir='ltr'>inquisitione</span> <span class='ocrx_word' id='word_1_17' title='bbox 1353 289 1522 341; x_wconf 87' lang='lat' dir='ltr'>aperiret</span> 
     </span>
     <span class='ocr_line' id='line_1_4' title="bbox 113 344 1589 398; baseline -0.002 -13"><span class='ocrx_word' id='word_1_18' title='bbox 113 346 235 398; x_wconf 86' lang='lat' dir='ltr'>magis</span> <span class='ocrx_word' id='word_1_19' title='bbox 264 358 379 397; x_wconf 92' lang='lat' dir='ltr'>quam</span> <span class='ocrx_word' id='word_1_20' title='bbox 407 346 545 384; x_wconf 83' lang='lat' dir='ltr'>levaret</span> <span class='ocrx_word' id='word_1_21' title='bbox 572 344 761 395; x_wconf 85' lang='lat' dir='ltr'>inopiam,</span> <span class='ocrx_word' id='word_1_22' title='bbox 789 344 898 384; x_wconf 88' lang='lat' dir='ltr'>multi</span> <span class='ocrx_word' id='word_1_23' title='bbox 927 357 972 383; x_wconf 85' lang='lat' dir='ltr'>ex</span> <span class='ocrx_word' id='word_1_24' title='bbox 998 345 1109 396; x_wconf 83' lang='lat' dir='ltr'>plebe</span> <span class='ocrx_word' id='word_1_25' title='bbox 1132 358 1201 397; x_wconf 87' lang='lat' dir='ltr'>spe</span> <span class='ocrx_word' id='word_1_26' title='bbox 1222 346 1365 385; x_wconf 84' lang='lat' dir='ltr'>amissa</span> <span class='ocrx_word' id='word_1_27' title='bbox 1387 346 1518 397; x_wconf 88' lang='lat' dir='ltr'>potius</span> <span class='ocrx_word' id='word_1_28' title='bbox 1551 350 1589 383; x_wconf 89' lang='lat'>11</span> 
     </span>
     <span class='ocr_line' id='line_1_5' title="bbox 114 401 1520 453; baseline -0.001 -11"><span class='ocrx_word' id='word_1_29' title='bbox 114 415 229 453; x_wconf 89' lang='lat' dir='ltr'>quam</span> <span class='ocrx_word' id='word_1_30' title='bbox 250 407 293 441; x_wconf 86' lang='lat' dir='ltr'>ut</span> <span class='ocrx_word' id='word_1_31' title='bbox 313 402 575 442; x_wconf 79' lang='lat' dir='ltr'>cruciaientur</span> <span class='ocrx_word' id='word_1_32' title='bbox 594 401 782 440; x_wconf 84' lang='lat' dir='ltr'>trahendo</span> <span class='ocrx_word' id='word_1_33' title='bbox 805 401 974 440; x_wconf 86' lang='lat' dir='ltr'>animam</span> <span class='ocrx_word' id='word_1_34' title='bbox 995 401 1184 452; x_wconf 81' lang='lat' dir='ltr'>capitibus</span> <span class='ocrx_word' id='word_1_35' title='bbox 1205 402 1397 441; x_wconf 89' lang='lat' dir='ltr'>obvolutis</span> <span class='ocrx_word' id='word_1_36' title='bbox 1418 415 1460 442; x_wconf 89' lang='lat' dir='ltr'>se</span> <span class='ocrx_word' id='word_1_37' title='bbox 1480 403 1520 441; x_wconf 94' lang='lat' dir='ltr'>in</span> 
     </span>
     <span class='ocr_line' id='line_1_6' title="bbox 113 458 666 509; baseline 0 -13"><span class='ocrx_word' id='word_1_38' title='bbox 113 458 284 497; x_wconf 82' lang='lat' dir='ltr'>Tiberim</span> <span class='ocrx_word' id='word_1_39' title='bbox 307 470 353 509; x_wconf 83' lang='lat' dir='ltr'>pl</span> <span class='ocrx_word' id='word_1_40' title='bbox 356 458 579 509; x_wconf 80' lang='lat' dir='ltr'>aecipitavei</span> <span class='ocrx_word' id='word_1_41' title='bbox 584 463 666 496; x_wconf 85' lang='lat' dir='ltr'>unt.</span> 
     </span>
    </p>

    <p class='ocr_par' dir='ltr' id='par_1_4' title="bbox 108 513 1603 1468">
     <span class='ocr_line' id='line_1_7' title="bbox 227 513 1603 566; baseline 0.001 -13"><span class='ocrx_word' id='word_1_42' title='bbox 227 514 328 553; x_wconf 89' lang='lat' dir='ltr'>Tum</span> <span class='ocrx_word' id='word_1_43' title='bbox 361 514 428 566; x_wconf 91' lang='lat' dir='ltr'>Sp.</span> <span class='ocrx_word' id='word_1_44' title='bbox 459 514 614 553; x_wconf 80' lang='lat' dir='ltr'>Maelius</span> <span class='ocrx_word' id='word_1_45' title='bbox 650 526 694 552; x_wconf 81' lang='lat' dir='ltr'>ex</span> <span class='ocrx_word' id='word_1_46' title='bbox 726 513 896 564; x_wconf 79' lang='lat' dir='ltr'>equestri</span> <span class='ocrx_word' id='word_1_47' title='bbox 923 513 1076 560; x_wconf 88' lang='lat' dir='ltr'>ordine,</span> <span class='ocrx_word' id='word_1_48' title='bbox 1101 518 1145 552; x_wconf 89' lang='lat' dir='ltr'>ut</span> <span class='ocrx_word' id='word_1_49' title='bbox 1172 514 1244 552; x_wconf 90' lang='lat' dir='ltr'>illis</span> <span class='ocrx_word' id='word_1_50' title='bbox 1273 515 1518 565; x_wconf 82' lang='lat' dir='ltr'>temporibus</span> <span class='ocrx_word' id='word_1_51' title='bbox 1551 513 1603 553; x_wconf 80' lang='lat'>13</span> 
     </span>
     <span class='ocr_line' id='line_1_8' title="bbox 111 569 1518 622; baseline 0.001 -14"><span class='ocrx_word' id='word_1_52' title='bbox 111 570 331 622; x_wconf 81' lang='lat' dir='ltr'>praedives,</span> <span class='ocrx_word' id='word_1_53' title='bbox 361 583 442 610; x_wconf 90' lang='lat' dir='ltr'>rem</span> <span class='ocrx_word' id='word_1_54' title='bbox 469 571 602 609; x_wconf 87' lang='lat' dir='ltr'>utilem</span> <span class='ocrx_word' id='word_1_55' title='bbox 631 570 805 622; x_wconf 89' lang='lat' dir='ltr'>pessimo</span> <span class='ocrx_word' id='word_1_56' title='bbox 834 570 1010 621; x_wconf 85' lang='lat' dir='ltr'>exemplo</span> <span class='ocrx_word' id='word_1_57' title='bbox 1032 569 1163 621; x_wconf 89' lang='lat' dir='ltr'>peiore</span> <span class='ocrx_word' id='word_1_58' title='bbox 1185 570 1347 608; x_wconf 90' lang='lat' dir='ltr'>consilio</span> <span class='ocrx_word' id='word_1_59' title='bbox 1369 575 1429 609; x_wconf 89' lang='lat' dir='ltr'>est</span> <span class='ocrx_word' id='word_1_60' title='bbox 1450 572 1518 610; x_wconf 89' lang='lat' dir='ltr'>ad-</span> 
     </span>
     <span class='ocr_line' id='line_1_9' title="bbox 111 626 1568 678; baseline -0.001 -12"><span class='ocrx_word' id='word_1_61' title='bbox 111 638 283 677; x_wconf 83' lang='lat' dir='ltr'>gressus.</span> <span class='ocrx_word' id='word_1_62' title='bbox 323 627 521 666; x_wconf 90' lang='lat' dir='ltr'>frumento</span> <span class='ocrx_word' id='word_1_63' title='bbox 550 639 720 677; x_wconf 84' lang='lat' dir='ltr'>namque</span> <span class='ocrx_word' id='word_1_64' title='bbox 747 640 793 665; x_wconf 83' lang='lat' dir='ltr'>ex</span> <span class='ocrx_word' id='word_1_65' title='bbox 813 627 965 666; x_wconf 82' lang='lat' dir='ltr'>Etruria</span> <span class='ocrx_word' id='word_1_66' title='bbox 986 627 1132 678; x_wconf 84' lang='lat' dir='ltr'>privata</span> <span class='ocrx_word' id='word_1_67' title='bbox 1159 626 1323 678; x_wconf 88' lang='lat' dir='ltr'>pecunia</span> <span class='ocrx_word' id='word_1_68' title='bbox 1347 639 1415 677; x_wconf 90' lang='lat' dir='ltr'>per</span> <span class='ocrx_word' id='word_1_69' title='bbox 1445 628 1518 665; x_wconf 90' lang='lat' dir='ltr'>ho-</span> <span class='ocrx_word' id='word_1_70' title='bbox 1549 632 1568 664; x_wconf 88' lang='grc'>2</span> 
     </span>
     <span class='ocr_line' id='line_1_10' title="bbox 112 683 1519 734; baseline 0.001 -13"><span class='ocrx_word' id='word_1_71' title='bbox 112 683 258 734; x_wconf 90' lang='lat' dir='ltr'>spitum</span> <span class='ocrx_word' id='word_1_72' title='bbox 287 683 558 734; x_wconf 85' lang='lat' dir='ltr'>clientiumque</span> <span class='ocrx_word' id='word_1_73' title='bbox 585 683 796 722; x_wconf 86' lang='lat' dir='ltr'>ministeria</span> <span class='ocrx_word' id='word_1_74' title='bbox 825 688 1025 734; x_wconf 75' lang='lat' dir='ltr'>coempto,</span> <span class='ocrx_word' id='word_1_75' title='bbox 1055 696 1170 734; x_wconf 86' lang='lat' dir='ltr'>quae,</span> <span class='ocrx_word' id='word_1_76' title='bbox 1203 683 1331 730; x_wconf 82' lang='lat' dir='ltr'>credo,</span> <span class='ocrx_word' id='word_1_77' title='bbox 1351 683 1435 734; x_wconf 89' lang='lat' dir='ltr'>ipsa</span> <span class='ocrx_word' id='word_1_78' title='bbox 1456 696 1519 722; x_wconf 88' lang='lat' dir='ltr'>res</span> 
     </span>
     <span class='ocr_line' id='line_1_11' title="bbox 111 739 1520 792; baseline 0.001 -15"><span class='ocrx_word' id='word_1_79' title='bbox 111 739 158 778; x_wconf 90' lang='lat' dir='ltr'>ad</span> <span class='ocrx_word' id='word_1_80' title='bbox 174 739 371 779; x_wconf 89' lang='lat' dir='ltr'>levandam</span> <span class='ocrx_word' id='word_1_81' title='bbox 394 741 546 792; x_wconf 88' lang='lat' dir='ltr'>publica</span> <span class='ocrx_word' id='word_1_82' title='bbox 568 753 657 779; x_wconf 87' lang='lat' dir='ltr'>cura</span> <span class='ocrx_word' id='word_1_83' title='bbox 678 751 874 779; x_wconf 80' lang='lat' dir='ltr'>annonam</span> <span class='ocrx_word' id='word_1_84' title='bbox 895 740 1172 791; x_wconf 87' lang='lat' dir='ltr'>impedimento</span> <span class='ocrx_word' id='word_1_85' title='bbox 1193 739 1327 787; x_wconf 88' lang='lat' dir='ltr'>fuerat,</span> <span class='ocrx_word' id='word_1_86' title='bbox 1347 739 1520 790; x_wconf 86' lang='lat' dir='ltr'>largitio-</span> 
     </span>
     <span class='ocr_line' id='line_1_12' title="bbox 111 795 1569 848; baseline 0 -14"><span class='ocrx_word' id='word_1_87' title='bbox 111 807 180 834; x_wconf 92' lang='lat' dir='ltr'>nes</span> <span class='ocrx_word' id='word_1_88' title='bbox 200 795 387 836; x_wconf 84' lang='lat' dir='ltr'>frumenti</span> <span class='ocrx_word' id='word_1_89' title='bbox 413 798 539 836; x_wconf 86' lang='lat' dir='ltr'>facere</span> <span class='ocrx_word' id='word_1_90' title='bbox 560 797 747 844; x_wconf 85' lang='lat' dir='ltr'>instituit,</span> <span class='ocrx_word' id='word_1_91' title='bbox 777 797 1004 848; x_wconf 86' lang='lat' dir='ltr'>plebemque</span> <span class='ocrx_word' id='word_1_92' title='bbox 1031 797 1107 835; x_wconf 90' lang='lat' dir='ltr'>hoc</span> <span class='ocrx_word' id='word_1_93' title='bbox 1127 808 1288 835; x_wconf 90' lang='lat' dir='ltr'>munere</span> <span class='ocrx_word' id='word_1_94' title='bbox 1310 796 1520 844; x_wconf 84' lang='lat' dir='ltr'>delinitam,</span> <span class='ocrx_word' id='word_1_95' title='bbox 1550 803 1569 835; x_wconf 90' lang='lat'><strong>3</strong></span> 
     </span>
     <span class='ocr_line' id='line_1_13' title="bbox 112 852 1518 904; baseline -0.001 -12"><span class='ocrx_word' id='word_1_96' title='bbox 112 864 354 903; x_wconf 85' lang='lat' dir='ltr'>quacumque</span> <span class='ocrx_word' id='word_1_97' title='bbox 376 854 580 898; x_wconf 79' lang='lat' dir='ltr'>incederet,</span> <span class='ocrx_word' id='word_1_98' title='bbox 605 859 838 904; x_wconf 83' lang='lat' dir='ltr'>conspectus</span> <span class='ocrx_word' id='word_1_99' title='bbox 861 853 1059 904; x_wconf 87' lang='lat' dir='ltr'>elatusque</span> <span class='ocrx_word' id='word_1_100' title='bbox 1077 865 1194 904; x_wconf 88' lang='lat' dir='ltr'>supra</span> <span class='ocrx_word' id='word_1_101' title='bbox 1210 852 1373 891; x_wconf 91' lang='lat' dir='ltr'>modum</span> <span class='ocrx_word' id='word_1_102' title='bbox 1389 853 1518 891; x_wconf 87' lang='lat' dir='ltr'>homi-</span> 
     </span>
     <span class='ocr_line' id='line_1_14' title="bbox 111 908 1520 960; baseline 0.001 -14"><span class='ocrx_word' id='word_1_103' title='bbox 111 908 172 947; x_wconf 88' lang='lat' dir='ltr'>nis</span> <span class='ocrx_word' id='word_1_104' title='bbox 200 909 337 960; x_wconf 83' lang='lat' dir='ltr'>privati</span> <span class='ocrx_word' id='word_1_105' title='bbox 371 923 503 949; x_wconf 88' lang='lat' dir='ltr'>secum</span> <span class='ocrx_word' id='word_1_106' title='bbox 532 910 700 956; x_wconf 82' lang='lat' dir='ltr'>trahere,</span> <span class='ocrx_word' id='word_1_107' title='bbox 727 909 827 948; x_wconf 90' lang='lat' dir='ltr'>haud</span> <span class='ocrx_word' id='word_1_108' title='bbox 857 909 1015 948; x_wconf 90' lang='lat' dir='ltr'>dubium</span> <span class='ocrx_word' id='word_1_109' title='bbox 1044 909 1288 948; x_wconf 87' lang='lat' dir='ltr'>consulatum</span> <span class='ocrx_word' id='word_1_110' title='bbox 1314 909 1444 948; x_wconf 89' lang='lat' dir='ltr'>favore</span> <span class='ocrx_word' id='word_1_111' title='bbox 1475 922 1520 948; x_wconf 81' lang='lat' dir='ltr'>ac</span> 
     </span>
     <span class='ocr_line' id='line_1_15' title="bbox 110 965 1569 1016; baseline 0.003 -14"><span class='ocrx_word' id='word_1_112' title='bbox 110 977 180 1015; x_wconf 89' lang='lat' dir='ltr'>spe</span> <span class='ocrx_word' id='word_1_113' title='bbox 201 966 522 1016; x_wconf 86' lang='lat' dir='ltr'>despondentem.</span> <span class='ocrx_word' id='word_1_114' title='bbox 559 967 655 1016; x_wconf 88' lang='lat' dir='ltr'>ipse,</span> <span class='ocrx_word' id='word_1_115' title='bbox 677 970 720 1004; x_wconf 88' lang='lat' dir='ltr'>ut</span> <span class='ocrx_word' id='word_1_116' title='bbox 740 970 800 1004; x_wconf 90' lang='lat' dir='ltr'>est</span> <span class='ocrx_word' id='word_1_117' title='bbox 820 966 1009 1005; x_wconf 82' lang='lat' dir='ltr'>hamanus</span> <span class='ocrx_word' id='word_1_118' title='bbox 1038 965 1191 1004; x_wconf 87' lang='lat' dir='ltr'>animus</span> <span class='ocrx_word' id='word_1_119' title='bbox 1214 965 1438 1004; x_wconf 89' lang='lat' dir='ltr'>insatiabilis</span> <span class='ocrx_word' id='word_1_120' title='bbox 1461 978 1519 1013; x_wconf 89' lang='lat' dir='ltr'>eo,</span> <span class='ocrx_word' id='word_1_121' title='bbox 1548 974 1569 1006; x_wconf 90' lang='grc'>4</span> 
     </span>
     <span class='ocr_line' id='line_1_16' title="bbox 111 1021 1519 1072; baseline 0.001 -13"><span class='ocrx_word' id='word_1_122' title='bbox 111 1021 216 1071; x_wconf 87' lang='lat' dir='ltr'>quod</span> <span class='ocrx_word' id='word_1_123' title='bbox 244 1021 399 1061; x_wconf 86' lang='lat' dir='ltr'>fortuna</span> <span class='ocrx_word' id='word_1_124' title='bbox 429 1023 618 1072; x_wconf 86' lang='lat' dir='ltr'>spondet,</span> <span class='ocrx_word' id='word_1_125' title='bbox 645 1022 691 1060; x_wconf 88' lang='lat' dir='ltr'>ad</span> <span class='ocrx_word' id='word_1_126' title='bbox 722 1022 856 1060; x_wconf 88' lang='lat' dir='ltr'>altiora</span> <span class='ocrx_word' id='word_1_127' title='bbox 884 1026 921 1060; x_wconf 92' lang='lat' dir='ltr'>et</span> <span class='ocrx_word' id='word_1_128' title='bbox 942 1033 1024 1060; x_wconf 91' lang='lat' dir='ltr'>non</span> <span class='ocrx_word' id='word_1_129' title='bbox 1053 1033 1240 1060; x_wconf 90' lang='lat' dir='ltr'>concessa</span> <span class='ocrx_word' id='word_1_130' title='bbox 1266 1021 1441 1068; x_wconf 87' lang='lat' dir='ltr'>tendere,</span> <span class='ocrx_word' id='word_1_131' title='bbox 1469 1027 1519 1066; x_wconf 86' lang='lat' dir='ltr'>et,</span> 
     </span>
     <span class='ocr_line' id='line_1_17' title="bbox 111 1077 1520 1129; baseline 0.001 -14"><span class='ocrx_word' id='word_1_132' title='bbox 111 1077 294 1128; x_wconf 90' lang='lat' dir='ltr'>quoniam</span> <span class='ocrx_word' id='word_1_133' title='bbox 318 1079 540 1117; x_wconf 85' lang='lat' dir='ltr'>consulatus</span> <span class='ocrx_word' id='word_1_134' title='bbox 563 1090 718 1129; x_wconf 86' lang='lat' dir='ltr'>quoque</span> <span class='ocrx_word' id='word_1_135' title='bbox 740 1078 964 1129; x_wconf 91' lang='lat' dir='ltr'>eripiendus</span> <span class='ocrx_word' id='word_1_136' title='bbox 985 1078 1115 1116; x_wconf 88' lang='lat' dir='ltr'>invitis</span> <span class='ocrx_word' id='word_1_137' title='bbox 1138 1077 1312 1128; x_wconf 86' lang='lat' dir='ltr'>patribus</span> <span class='ocrx_word' id='word_1_138' title='bbox 1334 1083 1449 1124; x_wconf 85' lang='lat' dir='ltr'>esset,</span> <span class='ocrx_word' id='word_1_139' title='bbox 1473 1078 1520 1117; x_wconf 89' lang='lat' dir='ltr'>de</span> 
     </span>
     <span class='ocr_line' id='line_1_18' title="bbox 110 1133 1522 1186; baseline 0.001 -14"><span class='ocrx_word' id='word_1_140' title='bbox 110 1145 231 1184; x_wconf 86' lang='lat' dir='ltr'>regno</span> <span class='ocrx_word' id='word_1_141' title='bbox 256 1134 418 1185; x_wconf 85' lang='lat' dir='ltr'>agitare:</span> <span class='ocrx_word' id='word_1_142' title='bbox 450 1134 487 1173; x_wconf 88' lang='lat' dir='ltr'>id</span> <span class='ocrx_word' id='word_1_143' title='bbox 516 1147 638 1173; x_wconf 89' lang='lat' dir='ltr'>unum</span> <span class='ocrx_word' id='word_1_144' title='bbox 667 1135 826 1184; x_wconf 87' lang='lat' dir='ltr'>dignum</span> <span class='ocrx_word' id='word_1_145' title='bbox 855 1139 962 1174; x_wconf 87' lang='lat' dir='ltr'>tanto</span> <span class='ocrx_word' id='word_1_146' title='bbox 993 1139 1180 1186; x_wconf 88' lang='lat' dir='ltr'>apparatu</span> <span class='ocrx_word' id='word_1_147' title='bbox 1209 1133 1461 1173; x_wconf 86' lang='lat' dir='ltr'>consiliorum</span> <span class='ocrx_word' id='word_1_148' title='bbox 1485 1138 1522 1173; x_wconf 89' lang='lat' dir='ltr'>et</span> 
     </span>
     <span class='ocr_line' id='line_1_19' title="bbox 112 1190 1520 1242; baseline 0 -14"><span class='ocrx_word' id='word_1_149' title='bbox 112 1190 330 1237; x_wconf 85' lang='lat' dir='ltr'>certamine,</span> <span class='ocrx_word' id='word_1_150' title='bbox 354 1191 457 1242; x_wconf 87' lang='lat' dir='ltr'>quod</span> <span class='ocrx_word' id='word_1_151' title='bbox 476 1192 612 1241; x_wconf 77' lang='lat' dir='ltr'>ingens</span> <span class='ocrx_word' id='word_1_152' title='bbox 631 1191 899 1230; x_wconf 85' lang='lat' dir='ltr'>exsudandum</span> <span class='ocrx_word' id='word_1_153' title='bbox 917 1196 1038 1238; x_wconf 87' lang='lat' dir='ltr'>esset,</span> <span class='ocrx_word' id='word_1_154' title='bbox 1067 1191 1285 1242; x_wconf 88' lang='lat' dir='ltr'>praemium</span> <span class='ocrx_word' id='word_1_155' title='bbox 1305 1190 1401 1230; x_wconf 81' lang='lat' dir='ltr'>fore.</span> <span class='ocrx_word' id='word_1_156' title='bbox 1444 1190 1520 1229; x_wconf 91' lang='lat' dir='ltr'>iam</span> 
     </span>
     <span class='ocr_line' id='line_1_20' title="bbox 111 1246 1520 1298; baseline 0.001 -14"><span class='ocrx_word' id='word_1_157' title='bbox 111 1246 266 1285; x_wconf 81' lang='lat' dir='ltr'>comitia</span> <span class='ocrx_word' id='word_1_158' title='bbox 295 1248 514 1286; x_wconf 84' lang='lat' dir='ltr'>consularia</span> <span class='ocrx_word' id='word_1_159' title='bbox 541 1248 753 1295; x_wconf 72' lang='lat' dir='ltr'>instabant,</span> <span class='ocrx_word' id='word_1_160' title='bbox 783 1260 880 1298; x_wconf 86' lang='lat' dir='ltr'>quae</span> <span class='ocrx_word' id='word_1_161' title='bbox 906 1260 968 1286; x_wconf 88' lang='lat' dir='ltr'>res</span> <span class='ocrx_word' id='word_1_162' title='bbox 990 1260 1078 1286; x_wconf 90' lang='lat' dir='ltr'>eum</span> <span class='ocrx_word' id='word_1_163' title='bbox 1100 1247 1267 1286; x_wconf 80' lang='lat' dir='ltr'>nec-dum</span> <span class='ocrx_word' id='word_1_164' title='bbox 1289 1246 1520 1298; x_wconf 88' lang='lat' dir='ltr'>compositis</span> 
     </span>
     <span class='ocr_line' id='line_1_21' title="bbox 110 1303 1570 1355; baseline 0.001 -15"><span class='ocrx_word' id='word_1_165' title='bbox 110 1303 321 1342; x_wconf 89' lang='lat' dir='ltr'>maturisve</span> <span class='ocrx_word' id='word_1_166' title='bbox 360 1305 452 1343; x_wconf 86' lang='lat' dir='ltr'>satis</span> <span class='ocrx_word' id='word_1_167' title='bbox 488 1304 659 1343; x_wconf 85' lang='lat' dir='ltr'>consiliis</span> <span class='ocrx_word' id='word_1_168' title='bbox 689 1304 898 1355; x_wconf 87' lang='lat' dir='ltr'>oppressit.</span> <span class='ocrx_word' id='word_1_169' title='bbox 949 1303 1086 1343; x_wconf 89' lang='lat' dir='ltr'>consul</span> <span class='ocrx_word' id='word_1_170' title='bbox 1115 1308 1268 1342; x_wconf 83' lang='lat' dir='ltr'>sextum</span> <span class='ocrx_word' id='word_1_171' title='bbox 1297 1308 1447 1342; x_wconf 86' lang='lat' dir='ltr'>creatus</span> <span class='ocrx_word' id='word_1_172' title='bbox 1476 1303 1520 1342; x_wconf 91' lang='lat' dir='ltr'>T.</span> <span class='ocrx_word' id='word_1_173' title='bbox 1550 1309 1570 1340; x_wconf 88' lang='grc'><strong>6</strong></span> 
     </span>
     <span class='ocr_line' id='line_1_22' title="bbox 111 1358 1520 1412; baseline 0.001 -14"><span class='ocrx_word' id='word_1_174' title='bbox 111 1358 311 1406; x_wconf 87' lang='lat' dir='ltr'>Quinctius</span> <span class='ocrx_word' id='word_1_175' title='bbox 333 1359 594 1412; x_wconf 85' lang='lat' dir='ltr'>Capitolinus,</span> <span class='ocrx_word' id='word_1_176' title='bbox 623 1360 782 1398; x_wconf 86' lang='lat' dir='ltr'>minime</span> <span class='ocrx_word' id='word_1_177' title='bbox 810 1365 1058 1411; x_wconf 90' lang='lat' dir='ltr'>opportunus</span> <span class='ocrx_word' id='word_1_178' title='bbox 1081 1360 1136 1399; x_wconf 89' lang='lat' dir='ltr'>vir</span> <span class='ocrx_word' id='word_1_179' title='bbox 1155 1360 1313 1399; x_wconf 89' lang='lat' dir='ltr'>novanti</span> <span class='ocrx_word' id='word_1_180' title='bbox 1333 1372 1416 1408; x_wconf 86' lang='lat' dir='ltr'>res;</span> <span class='ocrx_word' id='word_1_181' title='bbox 1439 1360 1520 1399; x_wconf 89' lang='lat' dir='ltr'>col-</span> 
     </span>
     <span class='ocr_line' id='line_1_23' title="bbox 108 1415 1519 1468; baseline 0 -14"><span class='ocrx_word' id='word_1_182' title='bbox 108 1415 190 1466; x_wconf 82' lang='lat' dir='ltr'>lega</span> <span class='ocrx_word' id='word_1_183' title='bbox 215 1416 369 1455; x_wconf 86' lang='lat' dir='ltr'>additur</span> <span class='ocrx_word' id='word_1_184' title='bbox 398 1417 430 1455; x_wconf 86' lang='lat' dir='ltr'>ei</span> <span class='ocrx_word' id='word_1_185' title='bbox 460 1417 629 1468; x_wconf 82' lang='lat' dir='ltr'>Agrippa</span> <span class='ocrx_word' id='word_1_186' title='bbox 655 1417 873 1464; x_wconf 85' lang='lat' dir='ltr'>Menenius,</span> <span class='ocrx_word' id='word_1_187' title='bbox 913 1416 972 1456; x_wconf 88' lang='lat' dir='ltr'>cui</span> <span class='ocrx_word' id='word_1_188' title='bbox 999 1416 1144 1456; x_wconf 82' lang='lat' dir='ltr'>Lanato</span> <span class='ocrx_word' id='word_1_189' title='bbox 1177 1421 1258 1455; x_wconf 87' lang='lat' dir='ltr'>erat</span> <span class='ocrx_word' id='word_1_190' title='bbox 1286 1428 1519 1467; x_wconf 85' lang='lat' dir='ltr'>cognomen.</span> 
     </span>
    </p>
   </div>
   <div class='ocr_carea' id='block_1_4' title="bbox 1550 1254 1569 1285">
    <p class='ocr_par' dir='ltr' id='par_1_5' title="bbox 1550 1254 1569 1285">
     <span class='ocr_line' id='line_1_24' title="bbox 1550 1254 1569 1285; textangle 90"><span class='ocrx_word' id='word_1_191' title='bbox 1550 1254 1569 1285; x_wconf 67' lang='lat'>0¹</span> 
     </span>
    </p>
   </div>
   <div class='ocr_carea' id='block_1_5' title="bbox 106 1504 784 2666">
    <p class='ocr_par' dir='ltr' id='par_1_6' title="bbox 108 1504 780 1862">
     <span class='ocr_line' id='line_1_25' title="bbox 109 1504 780 1549; baseline 0.004 -13"><span class='ocrx_word' id='word_1_192' title='bbox 109 1504 274 1537; x_wconf 84' lang='lat' dir='ltr'>deustaat</span> <span class='ocrx_word' id='word_1_193' title='bbox 292 1517 333 1537; x_wconf 92' lang='lat' dir='ltr'>zu</span> <span class='ocrx_word' id='word_1_194' title='bbox 351 1505 545 1538; x_wconf 81' lang='lat' dir='ltr'>verknufen.</span> <span class='ocrx_word' id='word_1_195' title='bbox 561 1508 780 1549; x_wconf 71' lang='lat' dir='ltr'>——frzlmerz-</span> 
     </span>
     <span class='ocr_line' id='line_1_26' title="bbox 110 1549 779 1592; baseline 0.004 -11"><span class='ocrx_word' id='word_1_196' title='bbox 110 1551 225 1592; x_wconf 75' lang='lat' dir='ltr'>turios,</span> <span class='ocrx_word' id='word_1_197' title='bbox 241 1549 485 1586; x_wconf 68' lang='lat' dir='ltr'>Rornliiindler,</span> <span class='ocrx_word' id='word_1_198' title='bbox 499 1551 779 1592; x_wconf 74' lang='lat' dir='ltr'>Hornwucherer,</span> 
     </span>
     <span class='ocr_line' id='line_1_27' title="bbox 110 1594 778 1637; baseline 0.004 -11"><span class='ocrx_word' id='word_1_199' title='bbox 110 1605 137 1627; x_wconf 89' lang='lat' dir='ltr'>s.</span> <span class='ocrx_word' id='word_1_200' title='bbox 156 1594 209 1636; x_wconf 86' lang='lat'>38,</span> <span class='ocrx_word' id='word_1_201' title='bbox 228 1595 285 1636; x_wconf 89' lang='lat'>35,</span> <span class='ocrx_word' id='word_1_202' title='bbox 305 1596 334 1627; x_wconf 87' lang='grc'>5.</span> <span class='ocrx_word' id='word_1_203' title='bbox 354 1615 398 1619; x_wconf 83' lang='lat'><em>-</em></span> <span class='ocrx_word' id='word_1_204' title='bbox 417 1597 578 1629; x_wconf 73' lang='lat' dir='ltr'>trahendo</span> <span class='ocrx_word' id='word_1_205' title='bbox 595 1608 668 1637; x_wconf 80' lang='grc' dir='ltr'>αιι.,</span> <span class='ocrx_word' id='word_1_206' title='bbox 686 1598 778 1629; x_wconf 83' lang='lat' dir='ltr'>miih-</span> 
     </span>
     <span class='ocr_line' id='line_1_28' title="bbox 110 1641 779 1683; baseline 0.004 -12"><span class='ocrx_word' id='word_1_207' title='bbox 110 1641 196 1681; x_wconf 85' lang='lat' dir='ltr'>selig</span> <span class='ocrx_word' id='word_1_208' title='bbox 212 1641 270 1672; x_wconf 84' lang='lat' dir='ltr'>das</span> <span class='ocrx_word' id='word_1_209' title='bbox 290 1641 399 1672; x_wconf 87' lang='lat' dir='ltr'>Leben</span> <span class='ocrx_word' id='word_1_210' title='bbox 419 1641 553 1683; x_wconf 64' lang='lat' dir='ltr'>fristvn,</span> <span class='ocrx_word' id='word_1_211' title='bbox 578 1653 604 1674; x_wconf 87' lang='lat' dir='ltr'>s.</span> <span class='ocrx_word' id='word_1_212' title='bbox 624 1643 660 1682; x_wconf 90' lang='lat'>3,</span> <span class='ocrx_word' id='word_1_213' title='bbox 685 1642 721 1681; x_wconf 88' lang='grc'>6,</span> <span class='ocrx_word' id='word_1_214' title='bbox 747 1643 779 1674; x_wconf 87' lang='grc'>8.</span> 
     </span>
     <span class='ocr_line' id='line_1_29' title="bbox 110 1686 778 1730; baseline 0.001 -12"><span class='ocrx_word' id='word_1_215' title='bbox 110 1697 272 1728; x_wconf 86' lang='lat' dir='ltr'>—quam</span> <span class='ocrx_word' id='word_1_216' title='bbox 289 1689 342 1724; x_wconf 80' lang='lat' dir='ltr'>ut,</span> <span class='ocrx_word' id='word_1_217' title='bbox 368 1686 404 1725; x_wconf 87' lang='lat'>2,</span> <span class='ocrx_word' id='word_1_218' title='bbox 428 1688 483 1723; x_wconf 90' lang='lat'>15,</span> <span class='ocrx_word' id='word_1_219' title='bbox 504 1687 534 1718; x_wconf 88' lang='lat'>2</span> <span class='ocrx_word' id='word_1_220' title='bbox 553 1690 778 1730; x_wconf 77' lang='lat' dir='ltr'>—capz&#39;t&#39;bns</span> 
     </span>
     <span class='ocr_line' id='line_1_30' title="bbox 111 1731 778 1775; baseline 0.002 -13"><span class='ocrx_word' id='word_1_221' title='bbox 111 1732 194 1772; x_wconf 61' lang='lat' dir='ltr'>obv„</span> <span class='ocrx_word' id='word_1_222' title='bbox 214 1742 240 1762; x_wconf 92' lang='lat' dir='ltr'>s.</span> <span class='ocrx_word' id='word_1_223' title='bbox 260 1732 291 1772; x_wconf 90' lang='lat'>3,</span> <span class='ocrx_word' id='word_1_224' title='bbox 309 1731 363 1772; x_wconf 75' lang='lat'>49,</span> <span class='ocrx_word' id='word_1_225' title='bbox 383 1733 418 1763; x_wconf 87' lang='lat'>5:</span> <span class='ocrx_word' id='word_1_226' title='bbox 440 1733 518 1764; x_wconf 84' lang='lat' dir='ltr'>Hor.</span> <span class='ocrx_word' id='word_1_227' title='bbox 533 1733 603 1764; x_wconf 83' lang='lat' dir='ltr'>Sat.</span> <span class='ocrx_word' id='word_1_228' title='bbox 621 1733 651 1775; x_wconf 79' lang='lat'>2,</span> <span class='ocrx_word' id='word_1_229' title='bbox 670 1733 701 1773; x_wconf 91' lang='lat'>3,</span> <span class='ocrx_word' id='word_1_230' title='bbox 719 1733 778 1764; x_wconf 91' lang='lat'>37:</span> 
     </span>
     <span class='ocr_line' id='line_1_31' title="bbox 109 1776 780 1821; baseline 0.003 -13"><span class='ocrx_word' id='word_1_231' title='bbox 109 1786 185 1808; x_wconf 81' lang='lat' dir='ltr'>cum</span> <span class='ocrx_word' id='word_1_232' title='bbox 198 1787 216 1808; x_wconf 75' lang='lat' dir='ltr'>t·</span> <span class='ocrx_word' id='word_1_233' title='bbox 220 1776 313 1808; x_wconf 71' lang='lat' dir='ltr'>ollem</span> <span class='ocrx_word' id='word_1_234' title='bbox 325 1780 439 1809; x_wconf 74' lang='lat' dir='ltr'>mztter</span> <span class='ocrx_word' id='word_1_235' title='bbox 443 1789 459 1808; x_wconf 85' lang='lat' dir='ltr'>e</span> <span class='ocrx_word' id='word_1_236' title='bbox 474 1781 589 1821; x_wconf 81' lang='lat' dir='ltr'>operto</span> <span class='ocrx_word' id='word_1_237' title='bbox 604 1789 656 1810; x_wconf 82' lang='lat' dir='ltr'>me</span> <span class='ocrx_word' id='word_1_238' title='bbox 673 1780 780 1821; x_wconf 64' lang='lat' dir='ltr'>capite</span> 
     </span>
     <span class='ocr_line' id='line_1_32' title="bbox 108 1820 301 1862; baseline -0.006 -9"><span class='ocrx_word' id='word_1_239' title='bbox 108 1823 141 1853; x_wconf 78' lang='lat' dir='ltr'>in</span> <span class='ocrx_word' id='word_1_240' title='bbox 153 1820 301 1862; x_wconf 77' lang='lat' dir='ltr'>flumen.</span> 
     </span>
    </p>

    <p class='ocr_par' dir='ltr' id='par_1_7' title="bbox 106 1860 784 2666">
     <span class='ocr_line' id='line_1_33' title="bbox 158 1860 778 1910; baseline 0.002 -12"><span class='ocrx_word' id='word_1_241' title='bbox 158 1860 646 1909; x_wconf 70' lang='lat' dir='ltr'>13.1—2.eoeeq.01d.‚ein</span> <span class='ocrx_word' id='word_1_242' title='bbox 667 1868 778 1910; x_wconf 87' lang='lat' dir='ltr'>plebe-</span> 
     </span>
     <span class='ocr_line' id='line_1_34' title="bbox 106 1911 777 1953; baseline 0.005 -11"><span class='ocrx_word' id='word_1_243' title='bbox 106 1911 235 1952; x_wconf 77' lang='lat' dir='ltr'>jischer</span> <span class='ocrx_word' id='word_1_244' title='bbox 252 1911 372 1953; x_wconf 82' lang='lat' dir='ltr'>Ritter,</span> <span class='ocrx_word' id='word_1_245' title='bbox 398 1923 425 1943; x_wconf 93' lang='lat' dir='ltr'>s.</span> <span class='ocrx_word' id='word_1_246' title='bbox 445 1914 474 1950; x_wconf 84' lang='lat'>3,</span> <span class='ocrx_word' id='word_1_247' title='bbox 494 1913 547 1951; x_wconf 89' lang='lat'>61,</span> <span class='ocrx_word' id='word_1_248' title='bbox 568 1914 595 1944; x_wconf 81' lang='grc'>7.</span> <span class='ocrx_word' id='word_1_249' title='bbox 618 1913 777 1945; x_wconf 75' lang='lat' dir='ltr'>—-utz·.ll</span> 
     </span>
     <span class='ocr_line' id='line_1_35' title="bbox 112 1957 780 2000; baseline 0.003 -12"><span class='ocrx_word' id='word_1_250' title='bbox 112 1959 225 2000; x_wconf 57' lang='lat' dir='ltr'>temp„</span> <span class='ocrx_word' id='word_1_251' title='bbox 243 1958 310 1997; x_wconf 85' lang='lat' dir='ltr'>vgl.</span> <span class='ocrx_word' id='word_1_252' title='bbox 328 1957 357 1996; x_wconf 87' lang='lat'>1,</span> <span class='ocrx_word' id='word_1_253' title='bbox 379 1957 428 1995; x_wconf 85' lang='lat'>18,</span> <span class='ocrx_word' id='word_1_254' title='bbox 452 1957 482 1988; x_wconf 91' lang='lat' dir='ltr'>l:</span> <span class='ocrx_word' id='word_1_255' title='bbox 502 1958 780 1990; x_wconf 68' lang='lat' dir='ltr'>consultisszmus</span> 
     </span>
     <span class='ocr_line' id='line_1_36' title="bbox 110 2002 780 2044; baseline 0.003 -11"><span class='ocrx_word' id='word_1_256' title='bbox 110 2004 162 2033; x_wconf 75' lang='lat' dir='ltr'>tir</span> <span class='ocrx_word' id='word_1_257' title='bbox 184 2005 224 2034; x_wconf 82' lang='lat' dir='ltr'>ut</span> <span class='ocrx_word' id='word_1_258' title='bbox 243 2003 277 2033; x_wconf 83' lang='lat' dir='ltr'>in</span> <span class='ocrx_word' id='word_1_259' title='bbox 300 2002 357 2034; x_wconf 72' lang='lat' dir='ltr'>illa</span> <span class='ocrx_word' id='word_1_260' title='bbox 373 2004 549 2044; x_wconf 75' lang='lat' dir='ltr'>qnisquam</span> <span class='ocrx_word' id='word_1_261' title='bbox 572 2015 646 2035; x_wconf 72' lang='lat' dir='ltr'>esve</span> <span class='ocrx_word' id='word_1_262' title='bbox 668 2007 780 2035; x_wconf 75' lang='lat' dir='ltr'>aelate</span> 
     </span>
     <span class='ocr_line' id='line_1_37' title="bbox 109 2049 778 2098; baseline 0.001 -20"><span class='ocrx_word' id='word_1_263' title='bbox 109 2049 256 2098; x_wconf 68' lang='lat' dir='ltr'>poterat.</span> <span class='ocrx_word' id='word_1_264' title='bbox 279 2065 323 2070; x_wconf 84' lang='lat'>-—</span> <span class='ocrx_word' id='word_1_265' title='bbox 344 2051 474 2091; x_wconf 70' lang='grc' dir='ltr'>μείονι,</span> <span class='ocrx_word' id='word_1_266' title='bbox 504 2050 555 2079; x_wconf 84' lang='lat' dir='ltr'>die</span> <span class='ocrx_word' id='word_1_267' title='bbox 579 2049 778 2089; x_wconf 76' lang='lat' dir='ltr'>Steigerung</span> 
     </span>
     <span class='ocr_line' id='line_1_38' title="bbox 112 2092 778 2134; baseline 0.005 -12"><span class='ocrx_word' id='word_1_268' title='bbox 112 2092 221 2123; x_wconf 86' lang='lat' dir='ltr'>wiec.</span> <span class='ocrx_word' id='word_1_269' title='bbox 242 2092 298 2128; x_wconf 86' lang='lat'>19,</span> <span class='ocrx_word' id='word_1_270' title='bbox 320 2092 354 2122; x_wconf 84' lang='lat'>1:</span> <span class='ocrx_word' id='word_1_271' title='bbox 375 2092 409 2133; x_wconf 90' lang='grc'>3,</span> <span class='ocrx_word' id='word_1_272' title='bbox 427 2093 485 2132; x_wconf 87' lang='grc'>72,</span> <span class='ocrx_word' id='word_1_273' title='bbox 511 2094 547 2130; x_wconf 89' lang='grc'>2,</span> <span class='ocrx_word' id='word_1_274' title='bbox 572 2093 638 2125; x_wconf 73' lang='lat' dir='ltr'>Cic.</span> <span class='ocrx_word' id='word_1_275' title='bbox 656 2094 727 2125; x_wconf 86' lang='lat' dir='ltr'>Cat.</span> <span class='ocrx_word' id='word_1_276' title='bbox 747 2094 778 2134; x_wconf 89' lang='grc'>3,</span> 
     </span>
     <span class='ocr_line' id='line_1_39' title="bbox 113 2136 778 2180; baseline 0.005 -13"><span class='ocrx_word' id='word_1_277' title='bbox 113 2137 148 2178; x_wconf 87' lang='lat'>5,</span> <span class='ocrx_word' id='word_1_278' title='bbox 171 2136 227 2174; x_wconf 89' lang='grc'>13·</span> <span class='ocrx_word' id='word_1_279' title='bbox 248 2136 343 2168; x_wconf 78' lang='lat' dir='ltr'>Offie.</span> <span class='ocrx_word' id='word_1_280' title='bbox 362 2137 481 2177; x_wconf 86' lang='lat'>3,33,</span> <span class='ocrx_word' id='word_1_281' title='bbox 508 2139 591 2173; x_wconf 88' lang='grc'>121·</span> <span class='ocrx_word' id='word_1_282' title='bbox 616 2139 727 2171; x_wconf 77' lang='lat' dir='ltr'>Plane.</span> <span class='ocrx_word' id='word_1_283' title='bbox 747 2140 778 2180; x_wconf 93' lang='grc'>2,</span> 
     </span>
     <span class='ocr_line' id='line_1_40' title="bbox 114 2182 777 2225; baseline 0.006 -13"><span class='ocrx_word' id='word_1_284' title='bbox 114 2182 152 2219; x_wconf 71' lang='lat'>53</span> <span class='ocrx_word' id='word_1_285' title='bbox 177 2182 258 2213; x_wconf 85' lang='lat' dir='ltr'>iiber</span> <span class='ocrx_word' id='word_1_286' title='bbox 275 2183 336 2213; x_wconf 86' lang='lat' dir='ltr'>den</span> <span class='ocrx_word' id='word_1_287' title='bbox 357 2183 466 2213; x_wconf 84' lang='lat' dir='ltr'>Ablat.</span> <span class='ocrx_word' id='word_1_288' title='bbox 485 2193 510 2213; x_wconf 88' lang='lat' dir='ltr'>s.</span> <span class='ocrx_word' id='word_1_289' title='bbox 531 2183 586 2223; x_wconf 89' lang='lat'>25,</span> <span class='ocrx_word' id='word_1_290' title='bbox 607 2185 641 2225; x_wconf 80' lang='lat'>4,</span> <span class='ocrx_word' id='word_1_291' title='bbox 665 2185 702 2223; x_wconf 77' lang='lat'>73</span> <span class='ocrx_word' id='word_1_292' title='bbox 724 2184 777 2225; x_wconf 80' lang='grc'>28,</span> 
     </span>
     <span class='ocr_line' id='line_1_41' title="bbox 112 2226 778 2269; baseline 0.006 -12"><span class='ocrx_word' id='word_1_293' title='bbox 112 2226 167 2267; x_wconf 88' lang='grc'>41,</span> <span class='ocrx_word' id='word_1_294' title='bbox 182 2226 407 2269; x_wconf 70' lang='lat' dir='ltr'>2.—lm.s·p1&#39;t.,</span> <span class='ocrx_word' id='word_1_295' title='bbox 421 2228 471 2258; x_wconf 88' lang='lat' dir='ltr'>die</span> <span class='ocrx_word' id='word_1_296' title='bbox 482 2227 705 2260; x_wconf 80' lang='lat' dir='ltr'>Gastfreunde</span> <span class='ocrx_word' id='word_1_297' title='bbox 720 2231 778 2261; x_wconf 80' lang='lat' dir='ltr'>des</span> 
     </span>
     <span class='ocr_line' id='line_1_42' title="bbox 113 2271 779 2314; baseline 0.003 -10"><span class='ocrx_word' id='word_1_298' title='bbox 113 2271 253 2304; x_wconf 79' lang='lat' dir='ltr'>Maelius</span> <span class='ocrx_word' id='word_1_299' title='bbox 268 2272 297 2303; x_wconf 92' lang='lat' dir='ltr'>in</span> <span class='ocrx_word' id='word_1_300' title='bbox 311 2272 463 2303; x_wconf 83' lang='lat' dir='ltr'>Etrurien</span> <span class='ocrx_word' id='word_1_301' title='bbox 480 2273 641 2314; x_wconf 73' lang='lat' dir='ltr'>besorgen</span> <span class='ocrx_word' id='word_1_302' title='bbox 657 2273 709 2305; x_wconf 74' lang='lat' dir='ltr'>fiir</span> <span class='ocrx_word' id='word_1_303' title='bbox 727 2276 779 2306; x_wconf 87' lang='lat' dir='ltr'>ihn</span> 
     </span>
     <span class='ocr_line' id='line_1_43' title="bbox 113 2316 780 2356; baseline 0.004 -8"><span class='ocrx_word' id='word_1_304' title='bbox 113 2316 325 2356; x_wconf 75' lang='lat' dir='ltr'>denAnknuf,</span> <span class='ocrx_word' id='word_1_305' title='bbox 344 2318 381 2348; x_wconf 83' lang='lat' dir='ltr'>da</span> <span class='ocrx_word' id='word_1_306' title='bbox 402 2328 439 2348; x_wconf 79' lang='lat' dir='ltr'>er</span> <span class='ocrx_word' id='word_1_307' title='bbox 456 2318 564 2349; x_wconf 74' lang='lat' dir='ltr'>selbst</span> <span class='ocrx_word' id='word_1_308' title='bbox 580 2320 667 2350; x_wconf 80' lang='lat' dir='ltr'>nicht</span> <span class='ocrx_word' id='word_1_309' title='bbox 685 2321 780 2352; x_wconf 82' lang='lat' dir='ltr'>dabiu</span> 
     </span>
     <span class='ocr_line' id='line_1_44' title="bbox 113 2362 782 2402; baseline 0.006 -9"><span class='ocrx_word' id='word_1_310' title='bbox 113 2363 223 2393; x_wconf 86' lang='lat' dir='ltr'>reisen</span> <span class='ocrx_word' id='word_1_311' title='bbox 242 2362 339 2402; x_wconf 82' lang='lat' dir='ltr'>kann.</span> <span class='ocrx_word' id='word_1_312' title='bbox 376 2362 459 2393; x_wconf 85' lang='lat' dir='ltr'>Dass</span> <span class='ocrx_word' id='word_1_313' title='bbox 480 2362 557 2394; x_wconf 71' lang='lat' dir='ltr'>Rom</span> <span class='ocrx_word' id='word_1_314' title='bbox 582 2365 706 2395; x_wconf 77' lang='lat' dir='ltr'>daunals</span> <span class='ocrx_word' id='word_1_315' title='bbox 724 2366 782 2397; x_wconf 83' lang='lat' dir='ltr'>mit</span> 
     </span>
     <span class='ocr_line' id='line_1_45' title="bbox 113 2405 781 2442; baseline 0.003 -3"><span class='ocrx_word' id='word_1_316' title='bbox 113 2407 271 2439; x_wconf 82' lang='lat' dir='ltr'>Etrurieu</span> <span class='ocrx_word' id='word_1_317' title='bbox 301 2408 331 2438; x_wconf 90' lang='lat' dir='ltr'>in</span> <span class='ocrx_word' id='word_1_318' title='bbox 361 2405 597 2440; x_wconf 76' lang='lat' dir='ltr'>freundlichem</span> <span class='ocrx_word' id='word_1_319' title='bbox 623 2409 781 2442; x_wconf 69' lang='lat' dir='ltr'>Verhh&#39;lt-</span> 
     </span>
     <span class='ocr_line' id='line_1_46' title="bbox 113 2453 780 2492; baseline 0.006 -9"><span class='ocrx_word' id='word_1_320' title='bbox 113 2453 203 2484; x_wconf 85' lang='lat' dir='ltr'>nisse</span> <span class='ocrx_word' id='word_1_321' title='bbox 221 2453 402 2492; x_wconf 77' lang='lat' dir='ltr'>gestanden</span> <span class='ocrx_word' id='word_1_322' title='bbox 423 2454 516 2492; x_wconf 83' lang='lat' dir='ltr'>habe,</span> <span class='ocrx_word' id='word_1_323' title='bbox 540 2455 620 2485; x_wconf 86' lang='lat' dir='ltr'>wird</span> <span class='ocrx_word' id='word_1_324' title='bbox 646 2457 728 2486; x_wconf 82' lang='lat' dir='ltr'>auch</span> <span class='ocrx_word' id='word_1_325' title='bbox 752 2467 780 2487; x_wconf 86' lang='lat' dir='ltr'>c.</span> 
     </span>
     <span class='ocr_line' id='line_1_47' title="bbox 116 2497 781 2541; baseline 0.006 -13"><span class='ocrx_word' id='word_1_326' title='bbox 116 2497 174 2537; x_wconf 90' lang='grc'>12,</span> <span class='ocrx_word' id='word_1_327' title='bbox 203 2497 222 2529; x_wconf 88' lang='grc'><strong>9</strong></span> <span class='ocrx_word' id='word_1_328' title='bbox 246 2503 515 2536; x_wconf 73' lang='lat' dir='ltr'>vorausgesetzt.</span> <span class='ocrx_word' id='word_1_329' title='bbox 534 2518 575 2522; x_wconf 81' lang='lat'>-—</span> <span class='ocrx_word' id='word_1_330' title='bbox 594 2499 718 2539; x_wconf 55' lang='lat' dir='ltr'>client„</span> <span class='ocrx_word' id='word_1_331' title='bbox 750 2500 781 2541; x_wconf 89' lang='lat'>3,</span> 
     </span>
     <span class='ocr_line' id='line_1_48' title="bbox 117 2541 781 2588; baseline 0.009 -16"><span class='ocrx_word' id='word_1_332' title='bbox 117 2541 173 2583; x_wconf 85' lang='lat'>16,</span> <span class='ocrx_word' id='word_1_333' title='bbox 202 2542 233 2574; x_wconf 84' lang='lat'>5.</span> <span class='ocrx_word' id='word_1_334' title='bbox 256 2543 506 2586; x_wconf 74' lang='lat' dir='ltr'>—Ia1·g·ition.,</span> <span class='ocrx_word' id='word_1_335' title='bbox 538 2546 617 2575; x_wconf 73' lang='lat' dir='ltr'>nach</span> <span class='ocrx_word' id='word_1_336' title='bbox 645 2545 781 2588; x_wconf 76' lang='lat' dir='ltr'>Dionys.</span> 
     </span>
     <span class='ocr_line' id='line_1_49' title="bbox 115 2587 784 2630; baseline 0.006 -12"><span class='ocrx_word' id='word_1_337' title='bbox 115 2587 170 2618; x_wconf 88' lang='lat' dir='ltr'>hat</span> <span class='ocrx_word' id='word_1_338' title='bbox 183 2597 220 2618; x_wconf 86' lang='lat' dir='ltr'>er</span> <span class='ocrx_word' id='word_1_339' title='bbox 234 2598 270 2619; x_wconf 91' lang='lat' dir='ltr'>es</span> <span class='ocrx_word' id='word_1_340' title='bbox 286 2599 335 2619; x_wconf 88' lang='lat' dir='ltr'>um</span> <span class='ocrx_word' id='word_1_341' title='bbox 350 2590 510 2630; x_wconf 85' lang='lat' dir='ltr'>geringen</span> <span class='ocrx_word' id='word_1_342' title='bbox 520 2589 612 2622; x_wconf 86' lang='lat' dir='ltr'>Preis</span> <span class='ocrx_word' id='word_1_343' title='bbox 627 2589 784 2622; x_wconf 83' lang='lat' dir='ltr'>verkauft</span> 
     </span>
     <span class='ocr_line' id='line_1_50' title="bbox 116 2632 425 2666; baseline 0.013 -4"><span class='ocrx_word' id='word_1_344' title='bbox 116 2632 196 2664; x_wconf 83' lang='lat' dir='ltr'>oder</span> <span class='ocrx_word' id='word_1_345' title='bbox 213 2634 425 2666; x_wconf 81' lang='lat' dir='ltr'>versehenkt.</span> 
     </span>
    </p>
   </div>
   <div class='ocr_carea' id='block_1_6' title="bbox 848 1506 1529 2678">
    <p class='ocr_par' dir='ltr' id='par_1_8' title="bbox 848 1506 1525 2216">
     <span class='ocr_line' id='line_1_51' title="bbox 895 1506 1522 1549; baseline 0 -11"><span class='ocrx_word' id='word_1_346' title='bbox 895 1507 913 1538; x_wconf 88' lang='lat'>3</span> <span class='ocrx_word' id='word_1_347' title='bbox 931 1526 953 1529; x_wconf 97' lang='lat'><strong>—</strong></span> <span class='ocrx_word' id='word_1_348' title='bbox 970 1506 1001 1538; x_wconf 85' lang='lat'>4.</span> <span class='ocrx_word' id='word_1_349' title='bbox 1033 1506 1190 1547; x_wconf 78' lang='lat' dir='ltr'>modam,</span> <span class='ocrx_word' id='word_1_350' title='bbox 1220 1517 1247 1538; x_wconf 87' lang='lat' dir='ltr'>s.</span> <span class='ocrx_word' id='word_1_351' title='bbox 1266 1506 1401 1538; x_wconf 86' lang='lat' dir='ltr'>Curtius</span> <span class='ocrx_word' id='word_1_352' title='bbox 1426 1507 1460 1549; x_wconf 89' lang='grc'>6,</span> <span class='ocrx_word' id='word_1_353' title='bbox 1490 1506 1522 1547; x_wconf 87' lang='grc'>3,</span> 
     </span>
     <span class='ocr_line' id='line_1_52' title="bbox 852 1551 1521 1595; baseline -0.001 -12"><span class='ocrx_word' id='word_1_354' title='bbox 852 1552 909 1583; x_wconf 84' lang='lat'>17:</span> <span class='ocrx_word' id='word_1_355' title='bbox 926 1552 1096 1595; x_wconf 72' lang='lat' dir='ltr'>praefecti</span> <span class='ocrx_word' id='word_1_356' title='bbox 1109 1552 1257 1592; x_wconf 76' lang='lat' dir='ltr'>modum,</span> <span class='ocrx_word' id='word_1_357' title='bbox 1275 1552 1342 1592; x_wconf 85' lang='lat' dir='ltr'>vgl.</span> <span class='ocrx_word' id='word_1_358' title='bbox 1364 1551 1397 1583; x_wconf 84' lang='lat' dir='ltr'>L.</span> <span class='ocrx_word' id='word_1_359' title='bbox 1419 1551 1448 1593; x_wconf 90' lang='grc'>2,</span> <span class='ocrx_word' id='word_1_360' title='bbox 1466 1552 1521 1592; x_wconf 94' lang='grc'>27,</span> 
     </span>
     <span class='ocr_line' id='line_1_53' title="bbox 851 1596 1522 1639; baseline 0.001 -12"><span class='ocrx_word' id='word_1_361' title='bbox 851 1596 870 1627; x_wconf 90' lang='grc'>6</span> <span class='ocrx_word' id='word_1_362' title='bbox 881 1597 1333 1639; x_wconf 64' lang='lat' dir='ltr'>:sastigimm—eonsulat.,</span> <span class='ocrx_word' id='word_1_363' title='bbox 1348 1607 1374 1627; x_wconf 88' lang='lat' dir='ltr'>s.</span> <span class='ocrx_word' id='word_1_364' title='bbox 1387 1597 1522 1628; x_wconf 87' lang='lat' dir='ltr'>Momm-</span> 
     </span>
     <span class='ocr_line' id='line_1_54' title="bbox 851 1641 1523 1684; baseline 0.001 -11"><span class='ocrx_word' id='word_1_365' title='bbox 851 1653 908 1673; x_wconf 88' lang='lat' dir='ltr'>sen</span> <span class='ocrx_word' id='word_1_366' title='bbox 930 1642 958 1682; x_wconf 91' lang='lat'>1,</span> <span class='ocrx_word' id='word_1_367' title='bbox 978 1641 1055 1674; x_wconf 87' lang='grc'>283.</span> <span class='ocrx_word' id='word_1_368' title='bbox 1072 1644 1271 1684; x_wconf 73' lang='lat' dir='ltr'>—savore,</span> <span class='ocrx_word' id='word_1_369' title='bbox 1290 1643 1322 1674; x_wconf 91' lang='lat' dir='ltr'>in</span> <span class='ocrx_word' id='word_1_370' title='bbox 1340 1641 1444 1683; x_wconf 83' lang='lat' dir='ltr'>Folge</span> <span class='ocrx_word' id='word_1_371' title='bbox 1464 1643 1523 1674; x_wconf 88' lang='lat' dir='ltr'>der</span> 
     </span>
     <span class='ocr_line' id='line_1_55' title="bbox 852 1687 1523 1730; baseline 0.001 -12"><span class='ocrx_word' id='word_1_372' title='bbox 852 1687 978 1726; x_wconf 82' lang='lat' dir='ltr'>Gunst,</span> <span class='ocrx_word' id='word_1_373' title='bbox 1002 1688 1033 1719; x_wconf 90' lang='lat' dir='ltr'>in</span> <span class='ocrx_word' id='word_1_374' title='bbox 1052 1687 1111 1719; x_wconf 85' lang='lat' dir='ltr'>der</span> <span class='ocrx_word' id='word_1_375' title='bbox 1129 1699 1166 1719; x_wconf 85' lang='lat' dir='ltr'>er</span> <span class='ocrx_word' id='word_1_376' title='bbox 1183 1688 1296 1726; x_wconf 77' lang='lat' dir='ltr'>stand,</span> <span class='ocrx_word' id='word_1_377' title='bbox 1316 1698 1392 1730; x_wconf 82' lang='lat' dir='ltr'>spe,</span> <span class='ocrx_word' id='word_1_378' title='bbox 1417 1688 1468 1719; x_wconf 79' lang='lat' dir='ltr'>die</span> <span class='ocrx_word' id='word_1_379' title='bbox 1487 1698 1523 1719; x_wconf 87' lang='lat' dir='ltr'>er</span> 
     </span>
     <span class='ocr_line' id='line_1_56' title="bbox 851 1731 1522 1776; baseline 0.001 -13"><span class='ocrx_word' id='word_1_380' title='bbox 851 1734 961 1772; x_wconf 79' lang='lat' dir='ltr'>hegte.</span> <span class='ocrx_word' id='word_1_381' title='bbox 983 1751 1022 1755; x_wconf 83' lang='lat'>—-</span> <span class='ocrx_word' id='word_1_382' title='bbox 1040 1732 1312 1776; x_wconf 77' lang='lat' dir='ltr'>despondentem,</span> <span class='ocrx_word' id='word_1_383' title='bbox 1338 1732 1392 1772; x_wconf 88' lang='lat'>26,</span> <span class='ocrx_word' id='word_1_384' title='bbox 1413 1731 1465 1771; x_wconf 85' lang='lat'>37,</span> <span class='ocrx_word' id='word_1_385' title='bbox 1486 1733 1522 1765; x_wconf 88' lang='lat'>5:</span> 
     </span>
     <span class='ocr_line' id='line_1_57' title="bbox 852 1777 1524 1820; baseline -0.001 -11"><span class='ocrx_word' id='word_1_386' title='bbox 852 1777 1079 1819; x_wconf 75' lang='lat' dir='ltr'>despondente</span> <span class='ocrx_word' id='word_1_387' title='bbox 1097 1779 1254 1820; x_wconf 72' lang='lat' dir='ltr'>fortuna</span> <span class='ocrx_word' id='word_1_388' title='bbox 1274 1777 1436 1809; x_wconf 75' lang='lat' dir='ltr'>Romanis</span> <span class='ocrx_word' id='word_1_389' title='bbox 1459 1779 1524 1809; x_wconf 73' lang='lat' dir='ltr'>im-</span> 
     </span>
     <span class='ocr_line' id='line_1_58' title="bbox 848 1823 1523 1866; baseline 0 -12"><span class='ocrx_word' id='word_1_390' title='bbox 848 1825 983 1866; x_wconf 74' lang='lat' dir='ltr'>perinm</span> <span class='ocrx_word' id='word_1_391' title='bbox 1018 1825 1168 1854; x_wconf 60' lang='lat' dir='ltr'>orienti-v.</span> <span class='ocrx_word' id='word_1_392' title='bbox 1196 1841 1240 1845; x_wconf 97' lang='lat'><strong>—</strong></span> <span class='ocrx_word' id='word_1_393' title='bbox 1268 1825 1428 1860; x_wconf 58' lang='lat' dir='ltr'>certam„</span> <span class='ocrx_word' id='word_1_394' title='bbox 1463 1823 1523 1854; x_wconf 82' lang='lat' dir='ltr'>mit</span> 
     </span>
     <span class='ocr_line' id='line_1_59' title="bbox 853 1867 1522 1906; baseline -0.001 -7"><span class='ocrx_word' id='word_1_395' title='bbox 853 1869 912 1899; x_wconf 90' lang='lat' dir='ltr'>den</span> <span class='ocrx_word' id='word_1_396' title='bbox 929 1867 1113 1899; x_wconf 81' lang='lat' dir='ltr'>Patriciern</span> <span class='ocrx_word' id='word_1_397' title='bbox 1127 1868 1192 1899; x_wconf 91' lang='lat' dir='ltr'>und</span> <span class='ocrx_word' id='word_1_398' title='bbox 1210 1868 1271 1899; x_wconf 90' lang='lat' dir='ltr'>den</span> <span class='ocrx_word' id='word_1_399' title='bbox 1290 1868 1522 1906; x_wconf 73' lang='lat' dir='ltr'>angesebenen</span> 
     </span>
     <span class='ocr_line' id='line_1_60' title="bbox 852 1912 1520 1955; baseline 0 -11"><span class='ocrx_word' id='word_1_400' title='bbox 852 1912 1041 1953; x_wconf 82' lang='lat' dir='ltr'>Plebejern.</span> <span class='ocrx_word' id='word_1_401' title='bbox 1065 1931 1109 1936; x_wconf 91' lang='grc'>--</span> <span class='ocrx_word' id='word_1_402' title='bbox 1127 1912 1216 1955; x_wconf 79' lang='lat' dir='ltr'>quod</span> <span class='ocrx_word' id='word_1_403' title='bbox 1236 1914 1375 1955; x_wconf 78' lang='lat' dir='ltr'>ingens,</span> <span class='ocrx_word' id='word_1_404' title='bbox 1404 1913 1468 1944; x_wconf 84' lang='lat' dir='ltr'>wie</span> <span class='ocrx_word' id='word_1_405' title='bbox 1493 1924 1520 1944; x_wconf 87' lang='lat' dir='ltr'>c.</span> 
     </span>
     <span class='ocr_line' id='line_1_61' title="bbox 854 1957 1523 1999; baseline 0 -10"><span class='ocrx_word' id='word_1_406' title='bbox 854 1958 1036 1999; x_wconf 77' lang='lat'>19,1:20‚</span> <span class='ocrx_word' id='word_1_407' title='bbox 1052 1957 1090 1998; x_wconf 74' lang='lat'>83</span> <span class='ocrx_word' id='word_1_408' title='bbox 1108 1959 1138 1998; x_wconf 91' lang='lat'>5,</span> <span class='ocrx_word' id='word_1_409' title='bbox 1158 1958 1211 1997; x_wconf 79' lang='grc'>47,</span> <span class='ocrx_word' id='word_1_410' title='bbox 1229 1958 1266 1996; x_wconf 80' lang='lat'>43</span> <span class='ocrx_word' id='word_1_411' title='bbox 1287 1958 1329 1989; x_wconf 87' lang='lat' dir='ltr'>ib.</span> <span class='ocrx_word' id='word_1_412' title='bbox 1344 1957 1397 1997; x_wconf 82' lang='lat'>49,</span> <span class='ocrx_word' id='word_1_413' title='bbox 1413 1958 1449 1988; x_wconf 90' lang='lat'>7:</span> <span class='ocrx_word' id='word_1_414' title='bbox 1470 1957 1523 1997; x_wconf 84' lang='lat'>35,</span> 
     </span>
     <span class='ocr_line' id='line_1_62' title="bbox 855 2002 1523 2044; baseline -0.001 -10"><span class='ocrx_word' id='word_1_415' title='bbox 855 2003 889 2042; x_wconf 83' lang='lat'>1,</span> <span class='ocrx_word' id='word_1_416' title='bbox 917 2003 930 2034; x_wconf 97' lang='lat'>1</span> <span class='ocrx_word' id='word_1_417' title='bbox 952 2014 984 2034; x_wconf 91' lang='lat' dir='ltr'>u.</span> <span class='ocrx_word' id='word_1_418' title='bbox 1003 2014 1033 2035; x_wconf 78' lang='lat' dir='ltr'>a.</span> <span class='ocrx_word' id='word_1_419' title='bbox 1050 2022 1095 2027; x_wconf 89' lang='lat'>—</span> <span class='ocrx_word' id='word_1_420' title='bbox 1112 2002 1320 2040; x_wconf 57' lang='lat' dir='ltr'>eat-sudanti„</span> <span class='ocrx_word' id='word_1_421' title='bbox 1346 2003 1413 2043; x_wconf 86' lang='lat' dir='ltr'>vgl.</span> <span class='ocrx_word' id='word_1_422' title='bbox 1433 2003 1470 2042; x_wconf 87' lang='lat'>5,</span> <span class='ocrx_word' id='word_1_423' title='bbox 1494 2003 1523 2044; x_wconf 88' lang='lat'>5,</span> 
     </span>
     <span class='ocr_line' id='line_1_63' title="bbox 852 2047 1521 2087; baseline -0.001 -8"><span class='ocrx_word' id='word_1_424' title='bbox 852 2048 889 2079; x_wconf 87' lang='lat'>6:</span> <span class='ocrx_word' id='word_1_425' title='bbox 912 2051 951 2079; x_wconf 77' lang='lat' dir='ltr'>ut</span> <span class='ocrx_word' id='word_1_426' title='bbox 966 2059 1074 2081; x_wconf 73' lang='lat' dir='ltr'>novus</span> <span class='ocrx_word' id='word_1_427' title='bbox 1091 2048 1281 2080; x_wconf 68' lang='lat' dir='ltr'>exsudetur</span> <span class='ocrx_word' id='word_1_428' title='bbox 1303 2048 1417 2087; x_wconf 80' lang='lat' dir='ltr'>labor3</span> <span class='ocrx_word' id='word_1_429' title='bbox 1443 2047 1521 2079; x_wconf 78' lang='lat' dir='ltr'>Hor.</span> 
     </span>
     <span class='ocr_line' id='line_1_64' title="bbox 853 2093 1525 2133; baseline 0 -9"><span class='ocrx_word' id='word_1_430' title='bbox 853 2094 922 2125; x_wconf 83' lang='lat' dir='ltr'>Sat.</span> <span class='ocrx_word' id='word_1_431' title='bbox 945 2094 973 2132; x_wconf 90' lang='lat'>1,</span> <span class='ocrx_word' id='word_1_432' title='bbox 991 2094 1046 2133; x_wconf 85' lang='lat'>10,</span> <span class='ocrx_word' id='word_1_433' title='bbox 1066 2094 1124 2125; x_wconf 84' lang='lat'>28:</span> <span class='ocrx_word' id='word_1_434' title='bbox 1144 2104 1267 2126; x_wconf 77' lang='lat' dir='ltr'>causas</span> <span class='ocrx_word' id='word_1_435' title='bbox 1281 2093 1462 2125; x_wconf 66' lang='lat' dir='ltr'>eoesudare.</span> <span class='ocrx_word' id='word_1_436' title='bbox 1480 2110 1525 2116; x_wconf 88' lang='lat'>—</span> 
     </span>
     <span class='ocr_line' id='line_1_65' title="bbox 851 2138 1523 2179; baseline -0.001 -9"><span class='ocrx_word' id='word_1_437' title='bbox 851 2139 1058 2179; x_wconf 70' lang='lat' dir='ltr'>consular-la,</span> <span class='ocrx_word' id='word_1_438' title='bbox 1084 2138 1403 2170; x_wconf 83' lang='lat' dir='ltr'>Consulartribuneu</span> <span class='ocrx_word' id='word_1_439' title='bbox 1422 2139 1523 2170; x_wconf 81' lang='lat' dir='ltr'>leiten</span> 
     </span>
     <span class='ocr_line' id='line_1_66' title="bbox 852 2184 1282 2216; baseline 0 -1"><span class='ocrx_word' id='word_1_440' title='bbox 852 2185 905 2215; x_wconf 89' lang='lat' dir='ltr'>die</span> <span class='ocrx_word' id='word_1_441' title='bbox 925 2184 1025 2216; x_wconf 79' lang='lat' dir='ltr'>Wahl</span> <span class='ocrx_word' id='word_1_442' title='bbox 1042 2194 1106 2215; x_wconf 87' lang='lat' dir='ltr'>von</span> <span class='ocrx_word' id='word_1_443' title='bbox 1125 2184 1282 2216; x_wconf 89' lang='lat' dir='ltr'>Consuln.</span> 
     </span>
    </p>

    <p class='ocr_par' dir='ltr' id='par_1_9' title="bbox 851 2228 1529 2678">
     <span class='ocr_line' id='line_1_67' title="bbox 897 2228 1523 2272; baseline 0.002 -13"><span class='ocrx_word' id='word_1_444' title='bbox 897 2228 985 2261; x_wconf 89' lang='grc'>6-7.</span> <span class='ocrx_word' id='word_1_445' title='bbox 1017 2232 1173 2270; x_wconf 69' lang='lat' dir='ltr'>seoetum,</span> <span class='ocrx_word' id='word_1_446' title='bbox 1198 2241 1224 2261; x_wconf 85' lang='lat' dir='ltr'>c.</span> <span class='ocrx_word' id='word_1_447' title='bbox 1250 2229 1281 2261; x_wconf 74' lang='lat'>8.</span> <span class='ocrx_word' id='word_1_448' title='bbox 1299 2247 1343 2252; x_wconf 80' lang='lat'>—-</span> <span class='ocrx_word' id='word_1_449' title='bbox 1360 2231 1523 2272; x_wconf 70' lang='lat' dir='ltr'>opportu-</span> 
     </span>
     <span class='ocr_line' id='line_1_68' title="bbox 851 2273 1526 2317; baseline -0.003 -11"><span class='ocrx_word' id='word_1_450' title='bbox 851 2285 931 2314; x_wconf 77' lang='lat' dir='ltr'>nus,</span> <span class='ocrx_word' id='word_1_451' title='bbox 949 2274 1008 2314; x_wconf 84' lang='lat'>24,</span> <span class='ocrx_word' id='word_1_452' title='bbox 1027 2274 1085 2316; x_wconf 82' lang='lat'>37,</span> <span class='ocrx_word' id='word_1_453' title='bbox 1110 2275 1144 2306; x_wconf 86' lang='lat'>2:</span> <span class='ocrx_word' id='word_1_454' title='bbox 1168 2275 1380 2317; x_wconf 74' lang='lat' dir='ltr'>praesectum</span> <span class='ocrx_word' id='word_1_455' title='bbox 1396 2293 1417 2296; x_wconf 83' lang='lat'>—</span> <span class='ocrx_word' id='word_1_456' title='bbox 1433 2273 1526 2304; x_wconf 77' lang='lat' dir='ltr'>haud</span> 
     </span>
     <span class='ocr_line' id='line_1_69' title="bbox 852 2319 1523 2363; baseline -0.003 -12"><span class='ocrx_word' id='word_1_457' title='bbox 852 2331 934 2351; x_wconf 81' lang='lat' dir='ltr'>sane</span> <span class='ocrx_word' id='word_1_458' title='bbox 957 2322 1186 2363; x_wconf 75' lang='lat' dir='ltr'>opportunum</span> <span class='ocrx_word' id='word_1_459' title='bbox 1211 2319 1461 2351; x_wconf 69' lang='lat' dir='ltr'>insidlmdz&#39;bus.</span> <span class='ocrx_word' id='word_1_460' title='bbox 1480 2337 1523 2341; x_wconf 97' lang='lat'>—</span> 
     </span>
     <span class='ocr_line' id='line_1_70' title="bbox 854 2363 1524 2407; baseline -0.003 -11"><span class='ocrx_word' id='word_1_461' title='bbox 854 2364 981 2407; x_wconf 79' lang='lat' dir='ltr'>collega</span> <span class='ocrx_word' id='word_1_462' title='bbox 998 2364 1087 2404; x_wconf 58' lang='lat' dir='ltr'>add„</span> <span class='ocrx_word' id='word_1_463' title='bbox 1113 2366 1187 2396; x_wconf 78' lang='lat' dir='ltr'>weil</span> <span class='ocrx_word' id='word_1_464' title='bbox 1207 2364 1378 2405; x_wconf 79' lang='lat' dir='ltr'>Quinctius</span> <span class='ocrx_word' id='word_1_465' title='bbox 1396 2364 1446 2394; x_wconf 83' lang='lat' dir='ltr'>als</span> <span class='ocrx_word' id='word_1_466' title='bbox 1464 2363 1524 2394; x_wconf 87' lang='lat' dir='ltr'>der</span> 
     </span>
     <span class='ocr_line' id='line_1_71' title="bbox 854 2409 1523 2449; baseline -0.003 -8"><span class='ocrx_word' id='word_1_467' title='bbox 854 2410 1101 2442; x_wconf 85' lang='lat' dir='ltr'>bedeutendere</span> <span class='ocrx_word' id='word_1_468' title='bbox 1133 2410 1327 2441; x_wconf 86' lang='lat' dir='ltr'>erscheinen</span> <span class='ocrx_word' id='word_1_469' title='bbox 1354 2409 1434 2449; x_wconf 89' lang='lat' dir='ltr'>soll,</span> <span class='ocrx_word' id='word_1_470' title='bbox 1464 2419 1523 2439; x_wconf 85' lang='lat' dir='ltr'>an-</span> 
     </span>
     <span class='ocr_line' id='line_1_72' title="bbox 854 2454 1522 2496; baseline -0.003 -10"><span class='ocrx_word' id='word_1_471' title='bbox 854 2456 931 2487; x_wconf 90' lang='lat' dir='ltr'>ders</span> <span class='ocrx_word' id='word_1_472' title='bbox 946 2455 976 2496; x_wconf 90' lang='lat'>2,</span> <span class='ocrx_word' id='word_1_473' title='bbox 994 2456 1047 2495; x_wconf 89' lang='grc'>43,</span> <span class='ocrx_word' id='word_1_474' title='bbox 1069 2455 1119 2486; x_wconf 90' lang='lat'>11.</span> <span class='ocrx_word' id='word_1_475' title='bbox 1134 2454 1380 2493; x_wconf 75' lang='lat' dir='ltr'>—Menenius‚</span> <span class='ocrx_word' id='word_1_476' title='bbox 1398 2464 1451 2484; x_wconf 88' lang='lat' dir='ltr'>um</span> <span class='ocrx_word' id='word_1_477' title='bbox 1469 2454 1522 2485; x_wconf 75' lang='lat' dir='ltr'>ihu</span> 
     </span>
     <span class='ocr_line' id='line_1_73' title="bbox 854 2499 1522 2538; baseline -0.003 -7"><span class='ocrx_word' id='word_1_478' title='bbox 854 2511 918 2531; x_wconf 89' lang='lat' dir='ltr'>von</span> <span class='ocrx_word' id='word_1_479' title='bbox 937 2501 1009 2531; x_wconf 81' lang='lat' dir='ltr'>dein</span> <span class='ocrx_word' id='word_1_480' title='bbox 1028 2511 1054 2531; x_wconf 90' lang='lat' dir='ltr'>c.</span> <span class='ocrx_word' id='word_1_481' title='bbox 1078 2500 1133 2538; x_wconf 90' lang='lat'>11,</span> <span class='ocrx_word' id='word_1_482' title='bbox 1153 2500 1171 2529; x_wconf 88' lang='lat'>5</span> <span class='ocrx_word' id='word_1_483' title='bbox 1191 2499 1382 2530; x_wconf 64' lang='lat' dir='ltr'>erw&#39;zihnten</span> <span class='ocrx_word' id='word_1_484' title='bbox 1403 2509 1442 2529; x_wconf 91' lang='lat' dir='ltr'>zu</span> <span class='ocrx_word' id='word_1_485' title='bbox 1462 2509 1522 2529; x_wconf 91' lang='lat' dir='ltr'>un-</span> 
     </span>
     <span class='ocr_line' id='line_1_74' title="bbox 854 2543 1522 2582; baseline -0.004 -5"><span class='ocrx_word' id='word_1_486' title='bbox 854 2546 1081 2582; x_wconf 83' lang='lat' dir='ltr'>terscheiden,</span> <span class='ocrx_word' id='word_1_487' title='bbox 1117 2545 1176 2575; x_wconf 88' lang='lat' dir='ltr'>ist:</span> <span class='ocrx_word' id='word_1_488' title='bbox 1211 2546 1265 2575; x_wconf 78' lang='lat' dir='ltr'>cui</span> <span class='ocrx_word' id='word_1_489' title='bbox 1292 2543 1421 2575; x_wconf 76' lang='lat' dir='ltr'>Lanato</span> <span class='ocrx_word' id='word_1_490' title='bbox 1459 2548 1522 2576; x_wconf 89' lang='lat' dir='ltr'>etc.</span> 
     </span>
     <span class='ocr_line' id='line_1_75' title="bbox 854 2587 1529 2630; baseline -0.001 -9"><span class='ocrx_word' id='word_1_491' title='bbox 854 2588 1083 2630; x_wconf 81' lang='lat' dir='ltr'>hinzugeffigt.</span> <span class='ocrx_word' id='word_1_492' title='bbox 1107 2607 1150 2612; x_wconf 94' lang='lat'>-—-</span> <span class='ocrx_word' id='word_1_493' title='bbox 1168 2592 1201 2620; x_wconf 79' lang='lat' dir='ltr'>et</span> <span class='ocrx_word' id='word_1_494' title='bbox 1220 2589 1354 2620; x_wconf 85' lang='lat' dir='ltr'>bezieht</span> <span class='ocrx_word' id='word_1_495' title='bbox 1376 2589 1445 2620; x_wconf 88' lang='lat' dir='ltr'>sich</span> <span class='ocrx_word' id='word_1_496' title='bbox 1469 2587 1529 2620; x_wconf 84' lang='lat' dir='ltr'>auf</span> 
     </span>
     <span class='ocr_line' id='line_1_76' title="bbox 854 2634 1525 2678; baseline -0.003 -10"><span class='ocrx_word' id='word_1_497' title='bbox 854 2636 1025 2678; x_wconf 78' lang='lat' dir='ltr'>refectus:</span> <span class='ocrx_word' id='word_1_498' title='bbox 1049 2635 1131 2666; x_wconf 83' lang='lat' dir='ltr'>auch</span> <span class='ocrx_word' id='word_1_499' title='bbox 1155 2644 1192 2665; x_wconf 89' lang='lat' dir='ltr'>er</span> <span class='ocrx_word' id='word_1_500' title='bbox 1213 2644 1284 2666; x_wconf 83' lang='lat' dir='ltr'>war</span> <span class='ocrx_word' id='word_1_501' title='bbox 1307 2634 1463 2675; x_wconf 64' lang='lat' dir='ltr'>gewaihlt.</span> <span class='ocrx_word' id='word_1_502' title='bbox 1480 2651 1525 2656; x_wconf 93' lang='lat'>—</span> 
     </span>
    </p>
   </div>
  </div>
 </body>
</html>
