1698 2864
566 237 692 270 LIBER
718 236 773 270 lv.
815 236 908 270 CAP.
931 238 1051 272 13.14.

105 257 131 276 a.
154 250 207 277 Ch.
229 250 290 275 439.

107 343 267 384 caudam
303 346 486 393 quantum
519 340 635 379 animi
664 339 865 380 haberent.
913 351 1013 392 opus
1041 352 1127 379 esse
1155 351 1236 380 non
1262 340 1354 380 forti
1381 341 1509 381 solum

1432 239 1521 279 173>

109 400 186 439 viro
214 398 281 438 sed
303 398 414 437 etiam
447 397 567 436 libero
597 397 853 448 exsolutoque
880 396 1008 448 legum
1036 397 1184 436 vinclis.
1225 397 1353 448 itaque
1381 411 1422 437 se
1450 399 1508 437 di-
1540 406 1580 438 12

109 460 293 495 ctatorem
317 454 357 493 L.
381 453 604 501 Quinctium
627 454 842 492 dicturum:
863 453 915 492 ibi
937 453 1108 492 animum
1135 465 1268 503 parem
1289 459 1416 493 tantae
1436 467 1510 506 po-

105 510 234 550 testati
269 523 367 550 esse.
421 509 726 562 adprobantibus
758 509 907 549 cunctis
945 509 1073 561 primo
1110 510 1314 556 Quinctius
1344 510 1511 550 abnuere

105 573 154 613 et,
176 567 268 619 quid
289 567 363 606 sibi
383 566 532 613 vellent,
553 566 735 617 rogitare,
764 565 828 617 qui
849 578 890 604 se
910 570 1032 605 aetate
1053 570 1181 605 exacta
1202 570 1329 605 tantae
1350 566 1509 606 dimica-

105 623 201 663 tioni
225 623 433 663 obicerent.
474 622 577 670 dein,
600 635 687 662 cum
711 622 879 674 undique
900 623 986 674 plus
1009 622 1048 661 in
1069 622 1132 661 illo
1155 621 1267 661 senili
1284 622 1414 661 animo
1431 635 1510 661 non

107 679 257 720 consilii
286 680 404 720 modo
433 680 502 719 sed
529 679 643 719 etiam
664 679 814 718 virtutis
838 692 924 718 esse
946 691 1061 731 quam
1083 679 1122 718 in
1144 678 1326 718 omnibus
1347 678 1429 718 aliis
1451 679 1511 718 di-

106 741 247 782 cerent,
268 736 523 787 laudibusque
543 736 645 775 haud
667 735 854 774 inmeritis
877 740 1095 782 onerarent,
1119 740 1156 775 et
1177 735 1313 774 consul
1334 735 1429 774 nihil
1449 748 1510 774 re-

106 792 295 839 mitteret,
326 798 504 844 precatus
530 793 684 831 tandem
713 792 807 831 deos
835 792 1062 831 inmortales
1089 791 1353 839 Cincinnatus,
1375 803 1424 831 ne
1445 805 1511 831 se-

106 854 241 888 nectus
270 862 340 889 sua
366 849 406 888 in
433 854 510 889 tam
531 849 691 901 trepidis
713 848 829 888 rebus
851 849 993 888 damno
1017 848 1241 888 dedecorive
1262 848 1317 887 rei
1338 848 1511 900 publicae

104 910 219 953 esset,
237 905 400 945 dictator
420 918 440 944 a
457 907 614 945 consule
631 905 780 945 dicitur.
818 905 902 956 ipse
924 905 1062 945 deinde
1076 905 1115 944 C.
1133 904 1336 944 Servilium
1349 905 1508 945 Ahalam

105 961 332 1013 magistrum
354 962 527 1012 equitum
549 962 652 1001 dicit.

215 1018 381 1056 Postero
403 1018 463 1056 die
484 1018 686 1069 dispositis
704 1017 907 1069 praesidiis
926 1029 1013 1056 cum
1030 1016 1070 1055 in
1085 1016 1215 1055 forum
1234 1015 1509 1064 descendisset,

102 1085 366 1125 conversaque
387 1073 426 1112 in
447 1086 535 1113 eum
557 1073 664 1125 plebs
687 1074 854 1113 novitate
874 1073 929 1112 rei
950 1085 993 1111 ac
1014 1072 1198 1111 miraculo
1213 1069 1335 1119 esset,
1358 1077 1394 1111 et
1408 1073 1510 1112 Mae-

102 1130 191 1170 liani
218 1135 332 1182 atque
353 1130 437 1182 ipse
459 1130 534 1169 dux
557 1143 693 1170 eorum
714 1131 753 1169 in
774 1143 815 1169 se
836 1130 1021 1169 intentam
1042 1128 1119 1167 vim
1136 1128 1231 1167 tanti
1252 1128 1403 1180 imperii
1426 1142 1510 1168 cer-

103 1192 260 1233 nerent,
292 1193 468 1238 expertes
497 1187 751 1226 consiliorum
778 1187 905 1237 regni,
934 1186 998 1237 qui
1018 1185 1220 1232 tumultus,
1243 1185 1347 1236 quod
1369 1185 1508 1225 bellum

103 1254 243 1294 repens
271 1248 336 1282 aut
361 1243 605 1283 dictatoriam
633 1243 872 1283 maiestatem
902 1248 968 1281 aut
989 1242 1211 1289 Quinctium
1238 1246 1331 1292 post
1352 1247 1509 1293 octoge-

102 1299 245 1339 simum
267 1311 410 1339 annum
432 1305 621 1339 rectorem
643 1300 699 1339 rei
721 1299 893 1351 publicae
915 1298 1144 1350 quaesisset,
1165 1298 1389 1348 rogitarent,
1412 1299 1508 1337 mis-

103 1368 169 1395 sus
198 1355 244 1395 ab
274 1356 457 1395 dictatore
486 1357 667 1396 Servilius
696 1357 879 1407 magister
906 1355 1080 1406 equitum
1102 1355 1149 1394 ad
1170 1354 1346 1394 Maelium
1371 1361 1509 1401 „vocat

101 1417 165 1451 te“
196 1412 323 1463 inquit
352 1413 585 1459 ‚‚dictator“.
622 1426 710 1452 cum
739 1412 900 1464 pavidus
928 1411 1008 1457 ille,
1031 1411 1120 1462 quid
1151 1411 1276 1457 vellet,
1301 1418 1510 1462 quaereret,

101 1468 362 1520 Serviliusque
387 1481 540 1509 causam
564 1469 766 1509 dicendam
787 1481 873 1508 esse
893 1472 1132 1520 proponeret
1152 1467 1376 1518 crimenque
1398 1481 1417 1507 a
1437 1468 1510 1507 Mi-

101 1591 164 1612 zur
187 1580 332 1620 Anzeige
355 1580 483 1621 bringt,
510 1581 542 1618 1,
572 1581 628 1622 16,
653 1582 689 1620 ὃς
716 1580 770 1621 22,

102 1625 162 1666 55,
188 1625 218 1657 7.
238 1625 401 1657 —lz'bero
430 1630 511 1665 ete,
540 1626 772 1666 Bezeichnung

102 1671 160 1702 des
191 1670 406 1711 Magistrates
437 1671 520 1702 ohne
549 1671 769 1703 Provocation

100 1715 540 1754 undVerantwortlichkeit‚
559 1717 598 1748 da
617 1716 770 1748 derselbe

101 1761 182 1792 iiber
203 1761 274 1792 dem
301 1760 446 1793 Gesetze
470 1762 577 1801 steht3
608 1762 687 1793 nach
713 1762 772 1793 der

100 1805 237 1838 Ansicht
260 1806 320 1837 der
336 1806 499 1837 Patricier
522 1807 602 1838 oder
619 1807 679 1838 der
702 1808 771 1838 An-

101 1851 255 1890 nalisten,
273 1861 300 1883 s.
320 1861 347 1882 c.
369 1851 419 1889 14,
438 1852 468 1890 5,
486 1851 555 1891 galt
572 1852 629 1884 das
646 1851 770 1884 Gesetz

100 1895 139 1936 3,
164 1896 223 1936 55,
247 1896 265 1927 5
285 1896 374 1927 nicht
391 1894 444 1927 fiir
468 1896 529 1927 den
550 1896 719 1938 Dictator,
743 1907 769 1929 s.

100 1940 212 1981 Lange
231 1940 262 1981 2,
279 1941 362 1980 4743
382 1940 509 1973 Becker
527 1942 556 1981 2,
576 1941 607 1981 2,
626 1941 703 1973 285.

149 1985 188 2017 12
206 1985 299 2018 -13.
331 1988 392 2024 ibi,
417 1996 442 2018 s.
463 1986 496 2027 1,
522 1986 581 2027 49,
599 1988 630 2019 5.
646 2005 690 2010 —
707 1986 769 2018 ad-

99 2031 320 2074 probantibus
342 2042 369 2064 ο.
388 2036 470 2071 αα,
494 2032 692 2073 Audeutung
710 2033 768 2064 des

100 2075 435 2108 Senatsbeschlusses
463 2076 546 2108 iiber
574 2078 652 2118 den,
685 2078 768 2109 wel-

102 2121 181 2152 cher
207 2121 353 2161 gewiihlt
375 2122 509 2153 werden
534 2123 610 2155 soll.
633 2141 678 2146 —
701 2126 770 2155 tre-

100 2165 189 2209 pidis
207 2167 294 2206 reb.,
318 2176 346 2198 c.
367 2166 424 2206 17,
448 2166 485 2205 83
509 2177 537 2198 c.
555 2167 614 2207 46,
638 2167 657 2198 8
681 2179 714 2200 u.
737 2178 766 2200 a.

101 2229 145 2234 —
162 2210 300 2251 dicitur,
324 2211 355 2242 in
380 2211 439 2243 der
460 2210 634 2252 folgenden
652 2212 768 2253 Nacht,

102 2267 129 2287 s.
147 2266 175 2287 c.
194 2255 248 2296 21,
272 2256 323 2287 lo.

148 2295 214 2333 14.
250 2301 306 2332 1—
323 2301 352 2332 2.
383 2304 518 2344 postero
536 2301 586 2342 d.‚
609 2312 636 2334 s.
655 2301 692 2343 3,
716 2302 770 2344 27,

101 2346 140 2385 23
169 2347 245 2378 dass
269 2346 329 2377 der
347 2346 498 2378 Dictator
519 2347 576 2378 das
594 2345 769 2389 Imperium

100 2391 225 2423 hereits
243 2392 314 2431 hat,
340 2392 429 2432 zeigt
452 2403 479 2424 c.
507 2392 561 2434 15,
586 2391 621 2423 2:
645 2392 692 2424 ad
712 2403 767 2424 co-

96 2437 352 2478 gnoscendum,
392 2437 432 2468 da
464 2447 501 2468 er
533 2438 616 2469 ohne
658 2438 768 2470 dieses

102 2482 191 2513 nicht
213 2483 305 2514 hiitte
324 2481 462 2514 Gericht
485 2482 595 2514 halten
624 2482 768 2523 ko'nnen,

103 2537 140 2558 er
157 2527 213 2558 hat
229 2527 301 2559 also
327 2528 473 2567 sogleich
492 2528 573 2559 uach
591 2528 650 2559 der
667 2528 766 2560 Wahl

101 2571 154 2602 die
173 2572 227 2603 lex
246 2572 383 2611 curiata,
402 2583 427 2604 s.
447 2573 483 2612 9,
509 2572 567 2612 38,
595 2573 650 2615 15,
669 2573 767 2605 bean-

103 2620 200 2657 tragt.
216 2635 259 2640 —
273 2617 420 2659 tumult„
438 2618 569 2649 erkl'zirt
585 2618 686 2650 durch
703 2618 769 2650 bel-

102 2661 170 2693 lum
192 2672 330 2705 repens3
359 2663 435 2694 dass
459 2664 519 2695 der
538 2663 687 2695 Dictator
715 2674 769 2696 er-

843 1585 945 1611 nannt
959 1580 1006 1611 sei
1020 1579 1197 1612 seditionis
1210 1580 1378 1612 sedandae
1395 1589 1510 1620 causa,

844 1626 925 1665 liegt
949 1626 1047 1656 ihneu
1077 1635 1160 1665 ganz
1190 1623 1274 1658 feru.
1298 1644 1341 1648 —
1365 1626 1511 1666 macen„

843 1671 895 1702 die
914 1671 1049 1702 ho'chste
1063 1670 1218 1709 Stellung
1234 1671 1276 1702 im
1290 1670 1417 1702 Staate.
1451 1670 1511 1702 Die

843 1715 1122 1756 Verwunderung
1139 1715 1230 1746 hatte
1248 1726 1300 1747 uin
1319 1726 1355 1747 so
1373 1718 1512 1756 gro'sser

844 1761 913 1792 sein
932 1760 1076 1797 miissen,
1095 1761 1135 1792 da
1154 1761 1219 1792 seit
1237 1760 1278 1792 20
1295 1761 1415 1792 Jahren
1434 1760 1510 1792 kein

844 1805 995 1837 Dictator
1013 1810 1153 1837 ernannt
1176 1815 1257 1837 war.
1274 1823 1319 1828 —-
1335 1808 1510 1848 quaesiss„

843 1861 879 1882 so
913 1851 997 1882 wird
1033 1850 1204 1882 bisweilen
1245 1861 1408 1892 quaerere
1446 1861 1510 1882 von

842 1896 970 1927 Sachen
989 1896 1052 1927 wie
1075 1897 1246 1937 requirere
1262 1895 1458 1936 gebraucht,
1483 1906 1511 1928 S.

843 1940 910 1973 Cic.
929 1940 1028 1973 Verr.
1046 1940 1077 1981 2,
1105 1941 1133 1981 1,
1161 1940 1211 1981 10,
1229 1940 1289 1979 293
1309 1940 1390 1972 Sall.
1408 1939 1432 1972 Ι.
1451 1940 1509 1972 98;

841 1986 934 2018 collis
956 2005 979 2009 -
998 1996 1107 2029 pauca
1130 1987 1340 2018 munimenta
1368 1996 1509 2028 quaere-

841 2032 907 2063 bat.

887 2076 918 2108 3.
951 2079 1049 2108 vocat
1064 2079 1105 2118 te,
1130 2075 1259 2107 fordert
1276 2076 1347 2107 dich
1365 2086 1427 2107 vor
1445 2075 1511 2108 Ge-

841 2121 938 2153 richt.
986 2121 1075 2153 Nach
1109 2121 1181 2152 dem
1222 2122 1508 2161 gesetzmiissigen

843 2165 1027 2198 Verfahren
1062 2167 1152 2198 hatte
1181 2166 1321 2198 Maelius
1355 2176 1416 2198 vor
1448 2167 1508 2197 den

842 2211 1022 2244 Centurien
1052 2211 1232 2252 angeklagt
1260 2212 1395 2243 werden
1421 2212 1508 2243 miis—

842 2267 921 2296 sen3
940 2257 1040 2288 allein
1059 2257 1118 2289 der
1131 2257 1283 2288 Dictator
1301 2257 1399 2288 istan
1419 2257 1508 2288 diese

841 2302 941 2335 Form
959 2303 1048 2334 nicht
1065 2302 1256 2344 gebunden,
1275 2301 1311 2339 3,
1329 2300 1391 2341 29,
1416 2301 1451 2341 6,
1471 2311 1509 2332 er

842 2348 970 2380 scheint
987 2358 1087 2388 sogar
1099 2348 1181 2378 ohne
1200 2346 1387 2385 eonsilium,
1409 2346 1437 2385 1,
1455 2346 1507 2388 49,

840 2393 879 2432 4,
902 2393 1066 2434 gerichtet
1089 2403 1129 2424 zu
1147 2392 1266 2433 haben,
1289 2402 1315 2423 s.
1335 2390 1458 2422 Zonar.
1478 2391 1507 2430 7,

843 2438 900 2470 13:
931 2436 1094 2477 δικάζειν
1121 2435 1161 2469 δὲ
1185 2437 1244 2469 καὶ
1273 2433 1510 2469 ιέποκῐείιειν

841 2483 913 2516 καὶ
932 2485 1051 2515 οἴκοι
1069 2482 1129 2514 καὶ
1143 2480 1182 2515 ἒν
1196 2483 1402 2533 στρατείαις
1418 2478 1509 2533 ἠδύ-

840 2539 929 2562 varo
959 2526 991 2568 (ὁ
1022 2524 1232 2579 δικτάτωρ),
1265 2527 1325 2558 καὶ
1355 2522 1396 2557 οὐ
1425 2522 1508 2562 τοὺς

840 2573 906 2605 τοῦ
940 2570 983 2614 δή
965 2584 1061 2617 ημου
1091 2569 1231 2616 μόιους
1258 2568 1349 2603 ἀλλὰ
1378 2571 1437 2602 καὶ
1469 2569 1507 2603 ἐκ

839 2619 914 2651 τῶν
931 2619 1079 2651 ἱππέων
1092 2617 1150 2648 καὶ
1170 2615 1206 2654 ἐξ
1223 2613 1332 2658 αὐτῆς
1348 2615 1409 2656 τῆς
1423 2618 1507 2657 βου-

841 2664 918 2704 λῆςς
939 2664 1003 2705 vgl
1025 2663 1089 2694 Cic.
1110 2662 1180 2702 Lig.
1206 2661 1232 2693 l.

1543 633 1581 665 13

1543 802 1583 834 14

1542 1022 1593 1061 14
