1698 2864
609 194 735 227 LIBER
753 194 793 228 V.
829 193 921 226 CAP.
944 195 995 227 15.
1418 196 1495 235 291

98 214 125 232 a.
146 206 200 232 Ch.
222 205 283 231 398.

97 299 234 338 derent
252 297 446 349 prodigio,
467 297 578 335 missi
601 297 836 336 sciscitatum
858 301 1034 335 oratores
1056 296 1102 335 ad
1118 296 1345 348 Delphicum
1363 309 1502 337 oracu—

97 355 190 394 lum.
232 354 297 393 sed
327 353 490 405 propior
516 353 707 404 interpres
733 353 821 392 fatis
848 352 997 391 oblatus
1021 353 1152 391 senior
1173 353 1326 404 quidam
1350 353 1500 400 Veiens,

97 412 161 462 qui
188 413 287 450 inter
309 410 525 449 cavillantes
548 409 586 448 in
610 409 842 448 stationibus
865 421 909 447 ac
930 409 1115 447 custodiis
1138 410 1279 448 milites
1300 410 1500 449 Romanos

95 468 361 517 Etruscosque
387 465 631 505 vaticinantis
659 466 699 504 in
729 466 891 504 modum
920 464 1075 510 cecinit,
1104 466 1331 516 priusquam
1354 479 1398 505 ex
1419 466 1503 505 lacu

94 524 242 562 Albano
265 535 361 574 aqua
384 523 528 561 emissa
548 522 662 569 foret,
684 534 895 573 numquam
919 521 1134 572 potiturum
1157 521 1244 559 Veis
1266 522 1500 561 Romanum.

95 580 198 631 quod
216 579 343 630 primo
361 579 461 618 velut
475 583 618 617 temere
635 578 778 617 iactum
797 578 940 628 sperni,
959 576 1091 628 agitari
1103 577 1241 616 deinde
1252 578 1500 617 sermonibus

95 641 276 688 coeptum
298 640 368 682 est,
390 636 514 674 donec
536 647 636 674 unus
659 647 704 673 ex
723 634 888 673 statione
905 634 1095 682 Romana,
1116 638 1388 684 percunctatus
1406 647 1500 684 pro-

95 694 243 732 ximum
273 692 575 743 oppidanorum,
606 691 681 730 iam
710 703 780 741 per
808 690 1128 742 longinquitatem
1156 690 1244 729 belli
1266 690 1501 728 commercio

95 760 325 788 sermonum
346 748 467 795 facto,
490 747 667 799 quisnam
690 748 720 786 is
744 752 865 793 esset,
889 748 952 798 qui
974 759 1043 797 per
1063 746 1242 797 ambages
1266 747 1312 785 de
1331 747 1416 785 lacu
1436 746 1502 785 Al-

94 806 197 845 bano
220 806 370 851 iaceret,
393 809 601 855 postquam
625 803 767 843 audivit
787 804 1036 854 haruspicem
1054 815 1154 852 esse,
1177 803 1232 841 vir
1247 803 1349 841 haud
1368 802 1499 841 intacti

95 861 281 912 religione
315 861 451 909 animi,
489 865 667 900 causatus
703 860 748 898 de
776 860 912 911 privati
940 859 1109 909 portenti
1138 859 1430 909 procuratione,
1469 858 1501 897 si

96 930 235 969 operae
263 917 315 956 illi
343 923 463 963 esset,
495 917 698 955 consulere
728 917 836 963 velle,
868 916 914 955 ad
943 915 1192 966 conloquium
1215 920 1337 954 vatem
1360 914 1500 953 elicuit.

97 987 262 1024 cumque
291 974 489 1024 progressi
520 973 634 1012 ambo
658 985 676 1011 a
699 973 780 1011 suis
802 973 955 1022 longius
977 976 1108 1010 essent
1128 972 1298 1010 inermes
1320 971 1404 1009 sine
1424 971 1500 1009 ullo

94 1036 212 1076 metu,
233 1030 454 1081 praevalens
475 1029 624 1067 iuvenis
642 1029 842 1067 Romanus
865 1040 998 1066 senem
1019 1028 1217 1066 infirmum
1235 1027 1273 1065 in
1291 1031 1504 1077 conspectu

96 1086 270 1125 omnium
307 1090 459 1136 raptum
498 1085 729 1136 nequiquam
766 1083 1091 1123 tumultuantibus
1118 1083 1294 1122 Etruscis
1329 1083 1374 1121 ad
1407 1095 1501 1121 suos

94 1142 301 1182 transtulit.
343 1142 407 1193 qui
429 1154 515 1180 cum
538 1141 747 1191 perductus
771 1141 816 1179 ad
839 1141 1134 1191 imperatorem,
1157 1140 1246 1178 inde
1267 1140 1431 1178 Romam
1455 1139 1503 1178 ad

96 1204 273 1239 senatum
294 1198 441 1236 missus
464 1202 584 1245 esset,
607 1197 904 1243 sciscitantibus,
928 1196 1110 1247 quidnam
1133 1196 1170 1234 id
1192 1200 1306 1241 esset,
1331 1195 1434 1246 quod
1456 1195 1504 1234 de

95 1256 177 1295 lacu
195 1255 342 1294 Albano
366 1254 574 1301 docuisset,
596 1254 798 1304 respondit
818 1253 991 1304 profecto
1014 1253 1132 1291 iratos
1156 1252 1248 1290 deos
1266 1252 1411 1290 Veienti
1429 1264 1503 1302 po-

96 1313 187 1364 pulo
217 1312 279 1350 illo
308 1311 429 1349 fuisse
451 1311 529 1357 die,
560 1323 636 1361 quo
659 1310 731 1349 sibi
753 1322 836 1348 eam
858 1314 1029 1348 mentem
1053 1308 1306 1354 obiecissent,
1334 1313 1378 1346 ut
1398 1308 1504 1346 exci-

97 1369 203 1408 dium
231 1368 377 1419 patriae
402 1367 512 1406 fatale
541 1367 734 1418 proderet.
776 1366 904 1417 itaque
934 1378 1030 1416 quae
1059 1370 1141 1403 tum
1171 1364 1352 1403 cecinerit
1373 1364 1501 1402 divino

96 1424 238 1476 spiritu
258 1424 475 1469 instinctus,
497 1436 538 1462 ea
560 1436 600 1462 se
621 1435 692 1461 nec
712 1427 755 1461 ut
776 1423 918 1461 indicta
940 1423 1018 1460 sint
1038 1433 1217 1460 revocare
1238 1433 1369 1472 posse,
1392 1426 1429 1459 et
1444 1424 1502 1458 ta-

98 1481 219 1520 cendo
247 1480 431 1527 forsitan,
460 1492 555 1530 quae
587 1479 623 1518 di
652 1479 877 1518 inmortales
907 1478 1049 1528 vulgari
1078 1477 1217 1523 velint,
1249 1477 1350 1515 haud
1373 1477 1502 1515 minus

98 1549 212 1589 quam
243 1537 398 1576 celanda
428 1536 580 1574 effando
608 1536 716 1574 nefas
745 1535 932 1574 contrahi.
973 1534 1028 1572 sic
1053 1534 1167 1584 igitur
1186 1533 1292 1572 libris
1314 1533 1503 1579 fatalibus,

99 1594 155 1633 sic
181 1593 382 1644 disciplina
409 1593 571 1631 Etrusca
597 1592 781 1631 traditum
809 1604 914 1638 esse,
947 1592 1025 1640 [ut]
1058 1590 1212 1640 quando
1241 1602 1338 1640 aqua
1359 1589 1506 1628 Albana

142 1704 239 1736 3—6.
285 1707 430 1745 orator„
460 1714 487 1735 S.
519 1704 547 1744 1,
577 1703 628 1745 38,
658 1703 689 1735 2.
719 1721 763 1726 -

95 1750 261 1793 ΒεΙρΙιὶο.,
290 1751 353 1781 wie
380 1749 409 1789 1,
428 1749 481 1789 56,
500 1749 537 1787 53
561 1749 621 1780 der
638 1749 762 1780 bereits

96 1794 302 1826 anerkannte
352 1794 584 1836 Apolloeultus
640 1794 764 1825 konnte

96 1840 198 1871 leicht
226 1840 310 1871 dazu
339 1838 474 1878 fiihren3
504 1839 586 1870 auch
612 1838 641 1879 3,
665 1838 719 1879 31,
744 1838 762 1869 8

99 1885 181 1916 wird
204 1886 255 1916 die
273 1884 486 1924 Verbindung
510 1884 569 1915 mit
587 1883 766 1915 Griechen-

96 1931 173 1962 land
202 1934 472 1970 vorausgesetzt,
501 1929 567 1969 vgl.
593 1939 619 1960 c.
646 1928 699 1967 28,
725 1928 762 1967 23

97 1974 279 2007 Mommsen
306 1975 330 2015 1,
354 1974 427 2006 181.
455 1993 495 1996 -
516 1975 613 2015 satis
641 1973 703 2005 obl.
732 1974 764 2004 in

99 2020 208 2060 Bezug
225 2018 320 2062 auf§
341 2020 377 2059 93
402 2019 480 2051 Tac.
499 2020 579 2059 Agr.
597 2018 652 2050 13:
669 2029 766 2050 mon-

97 2068 230 2097 stratus
274 2066 368 2106 satis
420 2064 667 2107 Vespasianus.
721 2082 766 2086 -

97 2111 237 2150 emissa,
275 2111 334 2140 der
363 2109 559 2149 cigentliche
591 2108 766 2141 Ausdruck

96 2154 150 2187 fiir
193 2155 246 2186 die
291 2154 470 2194 Ableitung
513 2155 570 2185 des
604 2153 765 2186 Wassers

98 2201 199 2231 durch
229 2200 350 2232 Canale
387 2200 451 2230 und
480 2199 666 2230 kiinstliche
699 2198 766 2230 Au-

98 2246 206 2285 lagen.
231 2263 275 2267 ——
296 2255 357 2288 per
379 2245 526 2285 ambag„
553 2243 581 2283 1,
601 2243 654 2283 56,
672 2244 703 2275 9.
721 2262 766 2267 —

97 2291 407 2331 iactum—laceret,
437 2287 634 2328 hinwerfen‚
659 2288 688 2328 6,
715 2289 766 2328 14,

102 2336 153 2367 11.
173 2353 217 2358 —
234 2335 326 2367 haud
341 2338 401 2367 int.
419 2345 447 2367 r.
467 2345 511 2373 a.,
536 2334 586 2365 eiu
610 2331 664 2365 fiir
686 2334 767 2365 reli-

99 2382 192 2422 gio'se
211 2379 352 2412 Geffihle
370 2381 458 2411 nicht
476 2378 768 2420 unempfindlicher

98 2425 211 2458 Manu.
229 2425 261 2466 2,
286 2426 338 2466 36,
364 2425 394 2456 3.
416 2443 461 2447 —
489 2425 621 2467 privati,
648 2424 766 2455 dessen

100 2471 258 2511 Siilinung
287 2472 358 2502 dem
388 2470 570 2502 Einzelnen
602 2469 707 2510 oblag,
740 2468 767 2511 1,

100 2516 154 2556 56,
173 2517 202 2548 5.
226 2534 272 2538 -
298 2516 474 2548 consulere
500 2526 530 2546 n.
560 2514 669 2554 illum,
699 2524 767 2545 was

100 2571 215 2601 wegen
234 2561 283 2592 illi
299 2561 406 2593 fehleu
424 2561 560 2592 konnte.

146 2605 279 2639 9-10..
301 2610 448 2639 mentem
472 2607 540 2648 ob.,
568 2606 631 2637 ihm
655 2605 767 2645 einge-

836 1703 941 1744 geben
960 1703 1073 1734 hatten
1093 1702 1174 1733 ohne
1192 1701 1262 1732 sein
1281 1700 1425 1740 Zuthun,
1443 1701 1508 1732 wie

836 1749 993 1779 nacbher:
1023 1747 1133 1778 dz'vl'no
1162 1748 1288 1789 spiritu
1318 1748 1509 1786 instinctus,

837 1794 876 1825 da
893 1794 924 1824 in
945 1794 1015 1824 dem
1035 1792 1140 1823 Seher
1157 1792 1247 1822 nicht
1265 1791 1346 1830 sein,
1364 1791 1507 1821 soudern

837 1839 896 1870 der
919 1837 1079 1878 go'ttliehe
1104 1835 1200 1868 Geist
1230 1836 1348 1868 wirkt:
1380 1836 1510 1867 obicere

836 1884 900 1914 wie
934 1883 987 1919 29,
1019 1881 1049 1920 8,
1082 1881 1133 1912 11.
1162 1899 1206 1903 —
1242 1881 1369 1912 indicta
1391 1895 1412 1906 =
1439 1890 1507 1911 uon

838 1928 945 1966 dicta,
970 1927 1023 1965 22,
1043 1926 1146 1966 39‚2:
1171 1937 1224 1957 me
1240 1926 1422 1964 indicente3
1451 1924 1506 1963 29,

840 1973 892 2014 18,
912 1972 968 2004 192
984 1972 1109 2004 indicta
1125 1981 1240 2003 causa.

886 2062 922 2093 11
940 2081 961 2085 —
977 2062 1028 2093 12.
1059 2061 1154 2093 libris
1171 2061 1259 2102 sat„
1282 2072 1310 2092 c.
1337 2060 1389 2100 14,
1408 2060 1446 2099 43
1475 2060 1508 2091 in

839 2107 1019 2139 denselben
1049 2116 1120 2137 war
1147 2106 1218 2137 also
1242 2106 1292 2137 die
1316 2105 1510 2145 Bedeutung

839 2153 899 2184 der
927 2152 1077 2195 prodigia
1107 2151 1309 2191 angegeben.
1339 2169 1383 2172 —
1407 2150 1508 2182 disci-

836 2198 943 2242 plina,
979 2198 1030 2229 die
1064 2196 1368 2228 Divinationslehre
1406 2195 1509 2226 iiber-

839 2245 950 2285 haupt.
969 2261 1012 2265 ——
1038 2244 1076 2274 ut
1104 2241 1255 2283 quando3
1290 2241 1329 2271 da
1358 2240 1410 2270 die
1439 2239 1508 2270 An-

839 2289 954 2319 nahme
984 2288 1074 2319 eines
1105 2286 1329 2318 Anacoluthes
1361 2284 1512 2323 (sic—ut

838 2352 861 2356 —
877 2332 1030 2371 daretur)
1060 2332 1131 2362 hier
1154 2331 1249 2361 kaum
1274 2329 1423 2369 zulassig
1451 2329 1508 2370 ist,

841 2389 877 2410 so
894 2379 1020 2410 miisste
1038 2380 1075 2408 nt
1092 2375 1223 2417 quando
1247 2375 1426 2406 bedeuteu:
1450 2384 1508 2414 ge-

842 2428 940 2462 setzt,
960 2424 988 2454 in
1009 2423 1078 2453 dem
1097 2420 1203 2459 Faue,
1221 2420 1296 2450 dass
1315 2419 1451 2453 einmal:
1471 2429 1508 2450 so

842 2470 918 2500 dass
944 2479 979 2499 es
1004 2467 1112 2506 wenig
1136 2476 1199 2495 von
1229 2466 1261 2496 si
1280 2464 1412 2506 quaudo
1431 2474 1510 2495 ver-

843 2514 997 2545 schieden
1021 2512 1122 2549 ware,
1154 2511 1235 2540 oder
1251 2524 1272 2535 =
1295 2512 1333 2540 ut
1359 2510 1509 2551 primum

843 2560 969 2595 stehen,
1000 2557 1080 2588 doch
1107 2556 1192 2586 lfisst
1216 2555 1283 2585 sich
1308 2554 1373 2585 wol
1396 2554 1511 2585 weder

844 2605 901 2635 das
920 2603 999 2634 Eine
1019 2601 1100 2632 nocb
1120 2601 1177 2631 das
1196 2600 1328 2630 Andere
1347 2598 1512 2630 nachwei-

1180 2655 1243 2686 19*

1534 1372 1573 1404 10

1534 1543 1574 1575 11
