1698 2864
92 186 118 204 a.
132 177 187 203 ch.
210 178 272 203 390.

590 170 718 203 LIBER
744 171 784 204 V.
835 171 926 204 CAP.
944 172 999 205 43.

1411 175 1490 213 347
1527 158 1531 161 *

87 276 162 319 tur,
184 271 347 324 experiri
369 271 502 310 ultima
523 276 561 311 et
580 272 767 324 impetum
789 272 915 312 facere
935 273 974 312 in
996 285 1122 312 arcem
1144 278 1331 314 statuunt.
1367 275 1492 326 prima
1520 284 1539 316 2

87 328 171 368 luce
193 328 304 379 signo
327 328 414 367 dato
436 328 642 368 multitudo
665 330 794 368 omnis
815 329 853 367 in
873 329 961 367 foro
977 330 1200 377 instruitur,
1221 331 1309 370 inde
1327 331 1493 370 clamore

89 384 241 424 sublato
266 397 310 423 ac
328 384 524 423 testudine
543 385 642 424 facta
664 385 844 424 subeunt.
884 385 1067 424 adversus
1091 399 1189 437 quos
1211 387 1376 426 Romani
1397 389 1493 426 nihil

88 447 233 480 temere
248 453 319 480 nec
333 440 482 492 trepide
500 441 545 480 ad
564 441 691 480 omnis
709 441 835 480 aditus
852 441 1084 480 stationibus
1102 443 1275 489 firmatis,
1299 456 1370 495 qua
1383 444 1491 494 signa

88 497 180 536 ferri
201 497 399 543 videbant,
428 510 470 536 ea
490 497 631 536 robore
653 498 825 537 virorum
847 497 1031 548 opposito
1054 500 1238 538 scandere
1259 500 1414 538 hostem
1437 500 1491 539 si-

86 558 202 600 nunt,
229 566 306 604 quo
330 553 561 592 successerit
580 554 702 604 magis
723 554 762 592 in
783 554 967 600 arduum,
996 567 1041 592 eo
1063 554 1148 605 pelli
1172 567 1288 605 posse
1308 569 1378 607 per
1397 569 1491 607 pro—

89 610 181 649 clive
208 609 355 649 facilius
385 609 469 649 rati.
509 610 636 648 medio
658 611 739 649 fere
760 610 855 649 clivo
877 611 1070 657 restitere,
1098 615 1210 661 atque
1231 611 1319 650 inde
1340 625 1384 650 ex
1405 613 1490 651 loco
1521 617 1539 648 3

87 665 299 717 superiore,
318 666 383 717 qui
400 678 523 717 prope
541 678 610 705 sua
626 671 766 717 sponte
782 667 821 705 in
838 667 991 705 hostem
1009 666 1208 714 inferebat,
1227 667 1374 718 impetu
1388 668 1490 707 facto

88 728 215 773 strage
243 735 286 761 ac
309 722 415 761 ruina
435 722 568 761 fudere
590 722 737 770 Gallos,
764 728 807 762 ut
826 735 1039 774 numquam
1061 728 1195 774 postea
1216 736 1287 763 nec
1308 737 1399 775 pars
1420 736 1492 763 nec

87 778 256 818 universi
277 779 551 830 temptaverint
569 779 643 818 tale
667 791 818 831 pugnae
838 791 972 830 genus.
1016 779 1161 818 omissa
1180 780 1308 830 itaque
1331 793 1401 832 spe
1421 793 1492 832 per
1519 786 1541 818 4

86 836 162 874 vim
183 840 296 886 atque
318 847 425 874 arma
446 835 635 874 subeundi
657 836 902 875 obsidionem
924 840 1071 887 parant,
1093 836 1202 875 cuius
1219 837 1265 875 ad
1280 837 1318 875 id
1335 842 1491 888 tempus

85 891 324 930 inmemores
347 897 384 930 et
405 892 509 943 quod
530 892 570 930 in
590 892 686 932 urbe
699 893 825 931 fuerat
840 892 1080 931 frumentum
1096 892 1283 931 incendiis
1299 893 1406 931 urbis
1423 893 1492 932 ab-

87 952 353 999 sumpserant,
382 953 419 986 et
445 961 490 987 ex
520 949 622 998 agris
651 961 721 1000 per
749 961 812 987 eos
831 949 939 1000 ipsos
961 949 1041 987 dies
1063 954 1217 1000 raptum
1241 961 1356 987 omne
1377 950 1490 988 Veios

86 1009 178 1043 erat.
214 1004 329 1055 igitur
349 1004 516 1043 exercitu
538 1005 661 1043 diviso
684 1006 824 1056 partim
845 1017 915 1055 per
929 1005 1115 1043 finitimos
1132 1005 1298 1056 populos
1315 1005 1492 1056 praedari
1521 1013 1539 1044 5

82 1060 240 1111 placuit,
257 1060 399 1111 partim
416 1060 586 1099 obsideri
603 1072 744 1108 arcem,
760 1066 804 1100 ut
820 1060 1088 1100 obsidentibus
1104 1060 1344 1100 frumentum
1361 1073 1490 1112 popu-

84 1117 226 1156 latores
249 1128 432 1166 agrorum
455 1116 694 1167 praeberent.

197 1172 492 1211 Proficiscentes
522 1173 650 1212 Gallos
685 1173 731 1212 ab
767 1172 861 1211 urbe
896 1173 943 1211 ad
972 1172 1188 1211 Romanam
1220 1173 1490 1223 experiendam
1520 1182 1540 1214 6

85 1229 267 1268 virtutem
288 1228 448 1268 fortuna
469 1228 553 1279 ipsa
574 1229 758 1275 Ardeam,
780 1229 847 1267 ubi
869 1228 1048 1268 Camillus
1070 1228 1257 1275 exulabat,
1279 1229 1403 1276 duxit3
1426 1229 1490 1280 qui
1521 1239 1538 1270 7

85 1285 270 1324 maestior
296 1285 347 1323 ibi
372 1286 530 1324 fortuna
557 1285 709 1336 publica
732 1297 848 1336 quam
870 1297 959 1331 sua,
988 1297 1074 1323 cum
1097 1284 1169 1322 diis
1190 1285 1491 1336 hominibusque

84 1341 308 1381 accusandis
326 1347 556 1389 senesceret,
577 1341 813 1392 indignando
833 1341 1099 1392 mirandoque,
1116 1341 1181 1380 ubi
1198 1341 1247 1379 illi
1264 1341 1331 1380 viri
1348 1347 1490 1390 essent,

86 1398 151 1449 qui
172 1410 304 1437 secum
321 1398 435 1436 Veios
453 1398 699 1449 Faleriosque
720 1400 924 1449 cepissent,
946 1397 1010 1448 qui
1031 1397 1099 1436 alia
1116 1397 1212 1436 bella
1227 1398 1366 1437 fortius
1385 1411 1489 1437 sem·
1520 1409 1538 1441 8

85 1467 155 1506 per
184 1467 299 1506 quarn
326 1454 472 1494 felicius
495 1455 727 1505 gessissent,
756 1458 915 1505 repente
937 1453 1043 1492 audit
1065 1454 1259 1492 Gallorum
1281 1454 1491 1493 exercitum

86 1510 288 1550 adventare
315 1516 428 1562 atque
459 1511 506 1550 de
532 1524 577 1550 eo
606 1511 765 1562 pavidos
795 1510 979 1549 Ardeates
1010 1510 1240 1549 consultare.
1281 1522 1352 1549 nec
1379 1523 1490 1550 secus

86 1645 163 1676 dass
181 1645 264 1676 sie—
281 1645 429 1676 wiirden.
458 1663 502 1668 —
532 1644 672 1687 testud.,
698 1644 750 1676 bei

86 1689 181 1721 Caes.
201 1689 234 1720 B.
253 1688 293 1721 G.
322 1689 350 1730 1,
374 1689 426 1730 24,
447 1690 480 1720 5:
508 1690 680 1733 phalanoe3
710 1700 750 1721 an

86 1745 118 1766 u.
137 1734 186 1765 St.
205 1735 326 1765 anders
343 1735 393 1765 als
418 1745 446 1766 c.
473 1736 500 1776 5,
518 1736 555 1773 ὃς
581 1746 607 1767 s.
631 1735 681 1776 10,
699 1734 752 1776 41,

89 1779 148 1818 143
167 1779 220 1817 34,
239 1779 292 1818 39,
311 1779 346 1810 6:
364 1780 506 1811 sublatis
518 1790 627 1823 supra
640 1780 754 1823 capita

85 1827 192 1856 scutis
216 1826 487 1867 continuatisque
504 1827 594 1857 inter
610 1836 647 1857 se
664 1844 686 1847 —
706 1828 755 1856 ie-

85 1869 221 1901 stadiae
223 1870 328 1911 sacta
340 1871 507 1902 subibant.
515 1889 558 1893 —
567 1869 676 1902 niltz'l—
685 1872 753 1902 tre-

83 1914 178 1958 pide,
201 1915 285 1945 dazu
303 1915 388 1945 kann
407 1916 584 1955 facientes
601 1916 753 1956 gedacht,

87 1960 167 1991 oder
180 1960 320 1991 darnach
337 1961 388 1991 ein
401 1959 508 1991 Punkt
521 1965 653 2000 gesetzt
668 1970 753 1991 wer-

87 2006 161 2043 den,
177 2004 281 2035 s.Cic.
297 2004 359 2036 Off.
381 2005 410 2046 l,
430 2005 480 2044 ll,
499 2004 559 2036 34:
578 2008 616 2037 ut
633 2007 753 2048 etipse

86 2060 128 2081 ue
151 2049 231 2091 quid
249 2052 385 2092 postea,
410 2050 453 2081 ib.
473 2050 526 2090 24,
545 2050 586 2081 82
612 2061 643 2081 u.
662 2060 691 2081 a.
708 2068 752 2073 —

86 2094 169 2126 nihil
183 2104 286 2132 —ne0,
305 2094 336 2132 2,
351 2093 404 2132 30,
424 2095 454 2134 5,
472 2106 513 2126 zu
531 2095 690 2136 27,41,4.
708 2113 753 2118 -—

89 2150 188 2182 qua*
201 2150 249 2179 ea,
268 2139 300 2178 4,
319 2139 371 2177 33,
392 2139 421 2170 9.

134 2183 186 2215 3-
203 2185 233 2215 5.
271 2184 362 2224 clivo,
392 2183 421 2225 3,
453 2183 504 2225 18,
531 2184 562 2215 7.
589 2203 634 2207 —
661 2196 706 2217 εκ
729 2185 750 2216 l.

87 2240 162 2273 sup.
188 2229 318 2260 erklart
346 2228 434 2260 inde.
463 2246 508 2251 —
535 2240 599 2261 sua
621 2233 751 2272 sponte,

87 2285 146 2306 aus
165 2275 279 2314 eigner
297 2272 404 2314 Hraft,
429 2273 497 2305 Cic.
516 2273 552 2305 C.
571 2285 611 2306 in.
641 2275 690 2316 19,
709 2275 749 2306 71

89 2330 121 2351 u.
139 2329 180 2359 a.,
199 2319 282 2350 wird
301 2319 382 2349 auch
402 2329 466 2350 von
486 2319 751 2351 siichlichenOb-

84 2364 197 2405 jecten
228 2364 420 2404 gebraucht.
450 2382 494 2387 —
528 2365 701 2407 inserebat
721 2376 751 2395 n.

89 2420 147 2441 eos
165 2410 217 2441 od.
235 2408 383 2440 absolut:
403 2409 554 2449 driingte.
572 2428 617 2432 -—
633 2413 753 2451 strage

87 2455 190 2486 durch
214 2456 316 2486 ruina
333 2455 528 2494 gesteigert‚
558 2454 753 2486 bezeichnet

88 2509 128 2530 an
147 2499 214 2530 sich
232 2500 332 2530 sehon
353 2500 424 2531 eine
444 2501 592 2531 schwere
611 2499 753 2531 Nieder-

89 2544 173 2585 lage,
196 2555 233 2576 so
258 2544 334 2576 dass
363 2555 398 2576 es
429 2545 518 2576 nicht
543 2545 753 2585 nothwendig

89 2589 217 2621 scheint
230 2600 270 2620 ea
289 2589 550 2630 hinzuzul'iigen,
570 2589 637 2630 vgl.
653 2589 684 2630 3,
702 2589 753 2631 11,

825 1645 863 1683 63
891 1644 1030 1685 1,38‚5;
1059 1644 1089 1683 2,
1105 1644 1158 1685 39,
1174 1644 1212 1683 23
1239 1645 1385 1685 dagegen
1405 1645 1491 1676 kann

824 1689 845 1732 ξ
863 1690 883 1721 4
908 1699 979 1730 eos,
1004 1699 1097 1720 wenn
1118 1699 1189 1721 man
1209 1690 1297 1721 nicht
1314 1690 1388 1722 illos
1408 1694 1491 1722 statt

824 1738 918 1778 ipsos
936 1735 1027 1766 lesen
1045 1734 1125 1775 will,
1150 1735 1239 1766 nicht
1261 1735 1348 1766 wohl
1369 1734 1490 1774 fehlen,

826 1781 864 1812 da
884 1779 957 1811 kein
977 1779 1166 1820 Gegensatz
1192 1780 1355 1811 zwischen
1376 1779 1489 1820 Tagen

825 1825 890 1856 und
920 1824 1070 1856 Nachten
1101 1824 1298 1865 stattfindet,
1328 1826 1410 1856 auch
1439 1825 1491 1856 die

827 1869 905 1901 Zeit
928 1874 1023 1901 sonst
1052 1870 1142 1901 nicht
1165 1869 1332 1901 bestimmt
1354 1870 1398 1901 ist
1427 1870 1492 1901 und

826 1915 901 1946 kein
922 1915 1129 1947 Relativsatz
1148 1913 1242 1955 folgt,
1267 1915 1333 1954 vgl.
1355 1915 1382 1955 l,
1402 1916 1432 1954 5,
1452 1915 1490 1953 53

826 1959 858 1999 2,
876 1958 929 1999 42,
949 1961 986 1998 53
1005 1959 1058 2001 21,
1077 1959 1208 1999 55,11‚
1227 1959 1291 1999 vgl.
1314 1960 1364 1998 10,
1379 1960 1410 2000 6,
1431 1959 1489 1998 103

826 2005 885 2043 36,
917 2005 948 2044 8,
966 2005 997 2036 4.
1022 2022 1066 2027 —-
1089 2007 1237 2047 raptum,
1256 2005 1382 2036 schnell
1400 2014 1491 2045 weg-

826 2049 999 2091 geschafft.
1029 2068 1072 2072 ——
1102 2049 1264 2090 obsideri,
1289 2050 1349 2080 der
1367 2049 1492 2082 Ueber-

825 2105 911 2136 gang
928 2105 1001 2127 vom
1021 2093 1075 2126 inf.
1095 2104 1168 2126 zum
1185 2105 1254 2126 acc.
1273 2105 1301 2126 c.
1315 2092 1371 2125 inf.
1390 2094 1493 2126 findet

826 2141 894 2171 sich
927 2140 1007 2171 auch
1042 2144 1154 2180 sonst,
1195 2140 1377 2171 besonders
1411 2140 1491 2171 nach

825 2184 1066 2228 impersonalia,
1084 2184 1152 2224 vgl.
1172 2195 1198 2216 c.
1218 2184 1271 2225 39,
1295 2185 1346 2215 11.

871 2274 960 2306 6-8.
973 2274 1120 2307 aclRom.
1137 2285 1181 2306 em
1195 2285 1223 2306 ι’.
1241 2274 1361 2313 gehb'rt
1374 2285 1415 2305 zu
1429 2273 1492 2305 du-

824 2322 891 2361 oez't,
913 2320 1002 2351 nicht
1016 2331 1056 2350 zu
1080 2321 1342 2361 proficiscentes.
1362 2337 1406 2341 —
1425 2318 1491 2350 diis

825 2366 914 2397 lzom.
933 2375 999 2396 acc.
1013 2379 1034 2390 =
1047 2375 1222 2402 accusans,
1247 2368 1346 2395 unter
1365 2363 1492 2395 Ankla-

826 2420 900 2450 gen,
924 2407 1136 2448 Vorwiirfen,
1161 2409 1191 2447 2,
1217 2408 1268 2449 32,
1293 2408 1332 2447 43
1363 2408 1418 2447 30,
1436 2408 1488 2446 20,

827 2456 864 2493 73
891 2455 972 2486 eben
992 2465 1028 2485 so
1054 2455 1097 2485 ist
1123 2454 1180 2484 das
1198 2454 1412 2495 asyndetisch
1431 2464 1491 2484 zur

826 2500 1017 2538 Erkliirung
1032 2496 1264 2538 hinzugeffigte
1282 2498 1490 2540 indignando

827 2555 868 2576 zu
888 2546 1033 2575 nehmen.
1049 2561 1093 2566 —
1109 2546 1306 2580 senesceret,
1321 2542 1491 2574 in'l‘raucr

826 2590 891 2621 und
908 2588 1076 2622 Verdruss
1095 2589 1162 2620 sich
1181 2587 1365 2629 aul'zehrte,
1390 2588 1418 2628 1,
1436 2588 1490 2628 22,
