1698 2864
189 309 209 340 4
242 306 324 340 toto
354 312 456 340 anno
486 300 751 340 vehementior
777 302 875 341 actio
905 300 1077 340 consulis
1104 300 1188 340 fuit.

184 872 201 882 ,-

190 882 198 903 l

241 203 294 241 44

692 197 819 231 LIBER
843 197 896 232 111.
945 198 1038 231 CAP.
1057 198 1110 231 21.
1138 199 1192 231 22.

1395 192 1427 234 ἀ.
1449 216 1477 234 u.
1499 209 1560 235 294.
1581 211 1643 236 295.

1232 301 1401 348 „mirer“
1422 301 1558 353 inquit,
1581 303 1643 350 „si
1697 314 1698 356 j

239 369 332 396 vana
365 362 508 405 vestra,
534 362 662 409 patres
695 358 926 409 conscripti,
957 357 1165 396 auctoritas
1193 358 1239 397 ad
1267 358 1422 409 plebem
1453 356 1544 397 est?
1571 371 1641 398 vos

237 413 389 453 elevatis
418 426 522 452 eam:
547 413 691 465 quippe
719 415 807 464 quia
837 414 946 465 plebs
974 417 1130 452 senatus
1160 414 1383 454 consultum
1404 415 1443 453 in
1460 414 1642 454 continu-

237 469 349 508 andis
371 470 659 521 magistratibus
683 469 815 516 solvit,
836 470 911 521 ipsi
933 481 1088 520 quoque
1110 470 1280 509 solutum
1302 471 1428 518 vultis,
1450 483 1499 510 ne
1519 475 1642 510 teme-

188 531 207 562 5
235 526 336 565 ritati
356 526 616 565 multitudinis
640 525 800 571 cedatis,
827 530 1024 577 tamquam
1052 526 1089 564 id
1119 526 1169 565 sit
1184 527 1270 578 plus
1291 539 1411 578 posse
1432 527 1470 566 in
1493 527 1642 566 civitate

234 583 322 634 plus
343 583 504 622 levitatis
528 595 572 621 ac
591 582 764 621 licentiae
784 582 938 621 habere.
978 582 1096 621 levius
1115 582 1217 621 enim
1234 583 1447 634 vaniusque
1462 583 1639 634 profecto

187 642 206 673 6
237 644 296 678 est
330 652 399 678 sua
438 639 588 677 decreta
624 643 662 677 et
693 639 868 677 consulta
898 638 1031 677 tollere
1059 651 1175 689 quam
1203 639 1380 678 aliorum.
1421 639 1638 686 imitamini,

234 700 364 747 patres
382 694 605 745 conscripti,
626 694 780 733 turbam
801 695 1078 742 inconsultam,
1105 700 1142 734 et
1168 695 1231 746 qui
1256 695 1430 746 exemplo
1452 695 1534 734 aliis
1555 708 1641 734 esse

235 751 402 797 debetis,
435 752 598 789 aliorum
621 751 798 802 exemplo
821 757 976 802 peccate
997 751 1145 802 potius.
1172 764 1285 803 quam
1307 751 1368 790 alii
1390 756 1517 790 vestro
1538 756 1640 791 recte

233 807 392 855 faciant,
427 808 518 846 dum
556 819 625 857 ego
665 818 712 845 ne
738 807 868 846 imiter
897 807 1095 854 tribunos,
1127 819 1201 847 nec
1227 820 1289 846 me
1317 813 1451 847 contra
1480 813 1639 847 senatus

237 864 457 902 consultum
486 864 684 902 consulem
713 863 926 903 renuntiari
952 864 1086 915 patiar.
1132 869 1170 903 te
1197 876 1307 911 ver0,
1337 864 1375 903 C.
1399 863 1550 915 Claudi,
1571 864 1641 903 ad-

231 921 389 966 hortor,
417 924 460 959 ut
480 926 517 959 et
537 920 620 971 ipse
639 920 831 971 populum
852 920 1075 960 Romanum
1104 920 1175 959 hac
1201 920 1351 959 licentia
1373 933 1514 967 arceas,
1535 925 1573 959 et
1593 920 1640 959 de

231 989 294 1015 ine
320 977 396 1015 hoc
423 976 492 1014 tibi
520 976 772 1027 persuadeas,
802 989 864 1015 me
892 977 942 1015 ita
971 982 1238 1027 accepturum,
1266 981 1309 1016 ut
1338 989 1418 1015 non
1446 977 1636 1015 honorem

232 1045 361 1072 meum
390 1046 409 1071 a
438 1038 474 1071 te
501 1033 730 1084 impeditum
762 1033 827 1071 sed
858 1033 1017 1084 gloriam
1041 1033 1162 1084 spreti
1183 1033 1346 1072 honoris
1368 1038 1516 1072 auctam
1538 1032 1636 1071 invi-

231 1089 429 1140 diamque,
457 1101 554 1140 quae
581 1102 625 1128 ex
656 1089 880 1128 continuato
909 1102 954 1128 eo
984 1090 1232 1140 inpenderet,
1263 1090 1421 1128 levatam
1463 1093 1636 1140 putem.“

230 1145 491 1185 communiter
519 1145 607 1184 inde
628 1145 802 1191 edicunt,
825 1158 873 1184 ne
895 1146 980 1197 quis
1001 1146 1044 1185 L.
1067 1145 1290 1193 Quinctium
1314 1146 1514 1184 consulem
1535 1145 1638 1184 face-

230 1207 306 1249 ret,
329 1202 361 1240 si
384 1202 468 1252 quis
490 1202 658 1247 fecisset,
680 1215 721 1240 se
743 1202 780 1240 id
804 1203 1031 1252 suffragium
1052 1214 1133 1240 non
1155 1202 1444 1241 observaturos.
1485 1201 1638 1240 Consu-

228 1259 282 1297 les
306 1258 422 1297 creati
445 1259 489 1304 Q.
508 1258 647 1296 Fabius
670 1257 881 1297 Vibulanus
898 1258 1054 1297 tertium
1071 1263 1108 1297 et
1124 1258 1166 1296 L.
1185 1257 1385 1297 Cornelius
1401 1257 1638 1308 Maluginen—

228 1315 296 1353 sis.
339 1326 478 1353 census
503 1320 609 1353 actus
632 1327 677 1352 eo
701 1325 821 1361 anno,
843 1314 1009 1354 lustrum
1031 1319 1193 1366 propter
1214 1314 1445 1365 Capitolium
1469 1320 1637 1365 captum,

227 1371 426 1410 consulem
449 1371 634 1417 occisum,
658 1371 773 1409 condi
794 1370 1019 1421 religiosum
1041 1370 1124 1410 fuit.

226 1461 421 1504 reficiebant
444 1462 489 1492 ist
513 1471 575 1492 nur
597 1462 656 1492 der
672 1462 801 1502 Antrag
817 1462 897 1493 oder

225 1507 277 1537 die
291 1506 429 1538 Absicht
444 1507 525 1537 auch
544 1507 594 1537 dic
608 1506 754 1538 Consuln
772 1507 898 1538 wieder

225 1562 267 1582 zu
285 1552 414 1582 wiihlen
433 1551 640 1583 bezeichnet.

269 1596 319 1627 4
326 1596 683 1636 5.n11'rer,Ausd1-uck
697 1597 756 1627 des
770 1595 897 1629 Unwil-

223 1641 308 1682 lens,
327 1651 354 1673 s.
373 1641 404 1680 2,
423 1641 476 1681 34,
494 1641 544 1672 10
563 1659 607 1664 —-
624 1641 776 1684 adpleb„
797 1641 825 1680 1,
840 1640 894 1681 26,

223 1687 260 1717 5.
270 1686 544 1728 ingratzadzulg
529 1697 608 1717 Dus:
620 1686 651 1727 2,
665 1687 715 1725 10,
729 1686 786 1724 113
798 1686 828 1725 6,
840 1685 893 1725 34,

224 1731 255 1763 5.
273 1749 318 1753 —
335 1731 401 1763 6161
405 1733 489 1771 alls
514 1732 577 1762 wie
603 1731 639 1771 6,
667 1730 727 1771 23,
751 1732 782 1763 4.
800 1749 843 1753 —
861 1732 896 1761 ί1ι

223 1779 311 1808 cont.
336 1787 412 1818 mao
442 1756 512 1817 ,4,
537 1776 595 1816 44,
621 1776 659 1815 93
683 1776 750 1807 Cic
777 1775 839 1807 Off.
864 1775 894 1815 2,

225 1821 276 1861 18,
287 1821 344 1853 53:
360 1823 520 1854 zm'uriam
533 1823 566 1852 in
580 1821 783 1853 deterrenda
795 1821 895 1852 llber-

223 1869 293 1898 tate
309 1867 484 1909 sibifierz'3
504 1865 600 1898 Corn.
617 1866 688 1898 Att.
707 1866 737 1904 9,
757 1867 792 1896 2:
810 1868 844 1897 in
858 1876 895 1897 eo

221 1911 382 1944 laedendo
401 1912 548 1954 aliquam
569 1914 806 1943 consecuturos
820 1922 895 1953 spe-

222 1958 346 1989 rabant
363 1956 651 1988 commoditatem:
678 1956 772 1988 Caes.
798 1955 838 1988 G.
863 1957 893 1995 5,

225 2002 282 2042 19,
307 2001 344 2033 3:
364 2002 431 2033 Cic.
451 2002 522 2042 Lig.
543 2003 599 2039 11,
626 2001 685 2039 323
704 2001 741 2032 L.
760 2001 820 2037 35,
840 2000 893 2039 48,

223 2047 253 2078 8.
273 2046 370 2078 —-1'd
385 2049 430 2078 sit
447 2051 528 2087 etc„
553 2057 579 2078 c.
603 2047 657 2087 19,
683 2046 713 2077 9.
732 2063 777 2068 —
795 2047 892 2086 enim,

222 2093 282 2123 der
299 2092 379 2123 Satz
404 2091 589 2132 begriindet
613 2091 675 2122 den
695 2091 736 2121 im
754 2090 894 2121 1011161·-

221 2137 294 2177 geli.
314 2136 344 2167 111
359 2137 502 2168 auderer
516 2136 614 2167 Form
627 2135 893 2176 ausgedriickten

221 2182 399 2221 negativen
419 2181 599 2213 Gedanken
622 2191 689 2212 uon
713 2183 763 2212 est
777 2180 855 2222 plus
871 2198 893 2202 —

220 2227 353 2259 habere.
372 2245 415 2249 -—
432 2237 495 2258 sua
514 2227 544 2257 in
560 2226 670 2265 Bezug
686 2224 745 2257 auf
758 2227 810 2257 ein
828 2225 892 2256 all-

220 2273 407 2312 gemeiues,
427 2283 468 2303 zu
486 2271 676 2303 deul-:eudes
696 2270 849 2311 Subject,
866 2280 893 2301 s.

221 2328 250 2348 c.
269 2317 331 2358 39,
356 2317 384 2348 7.
410 2336 452 2339 —
471 2316 607 2349 decreta
626 2316 697 2347 sind
721 2320 815 2347 sonst
832 2316 893 2346 Se-

221 2362 490 2393 natsheschliisse
509 2363 540 2393 in
559 2361 741 2393 Riieksieht
757 2359 814 2392 auf
829 2361 890 2392 den

218 2406 338 2444 Inhalt,
356 2407 654 2439 senatusconsulta
667 2407 697 2437 in
714 2406 824 2446 Bezug
837 2404 895 2436 auf

221 2453 272 2483 die
292 2451 495 2492 Giiltigkeit3
517 2453 587 2483 hier
604 2452 675 2483 sind
694 2451 788 2483 beide
802 2451 889 2482 Aus-

221 2497 345 2528 driicke
369 2496 581 2536 verbunden,
604 2507 656 2527 um
680 2497 741 2528 den
768 2495 894 2536 Begriff

221 2541 356 2574 starker
372 2553 413 2573 zu
430 2542 584 2581 betonen,
603 2542 670 2581 vgl.
688 2541 717 2583 4,
735 2542 788 2582 57,
803 2542 834 2574 5.

267 2586 353 2618 6-7.
374 2598 446 2627 nec,
465 2586 766 2627 s.2,32,10:22,
789 2586 837 2624 10,
857 2586 888 2616 5.

220 2650 263 2655 --
279 2634 479 2675 renuntiari,
497 2633 549 2664 die
567 2631 739 2664 feierliche
756 2631 891 2663 Erthei-

969 1461 1049 1501 lung
1085 1461 1142 1492 des
1173 1461 1289 1492 Amtes
1320 1460 1421 1492 durch
1458 1460 1520 1491 den
1551 1458 1640 1491 Vor—

970 1506 1142 1537 sitzenden
1157 1506 1187 1537 in
1197 1506 1257 1537 den
1274 1504 1543 1545 Wahlcomitien,
1558 1505 1640 1536 ohne

969 1551 1021 1581 die
1046 1551 1199 1582 dasselbe
1225 1550 1314 1581 nicht
1337 1554 1533 1590 angetreten
1551 1559 1639 1580 wer-

970 1596 1032 1627 den
1050 1596 1149 1635 kann,
1168 1606 1194 1627 s.
1209 1596 1240 1634 5,
1260 1595 1311 1634 18,
1331 1594 1360 1626 2.
1390 1594 1427 1626 L.
1441 1594 1568 1626 scheint
1581 1604 1640 1625 an-

971 1641 1163 1679 zunehmen,
1181 1641 1257 1671 dass
1276 1640 1348 1671 dem
1366 1640 1417 1671 die
1434 1638 1640 1671 Wahlcomi-

970 1686 1037 1717 tien
1068 1685 1234 1717 leitenden
1265 1684 1389 1716 Consul
1412 1685 1482 1715 sein
1503 1683 1637 1724 College

970 1731 1052 1762 habe
1070 1731 1309 1769 intercediren,
1335 1731 1385 1760 die
1402 1729 1638 1761 Renuntiation

969 1776 1141 1807 verbieten
1172 1775 1316 1806 1161111611.
1345 1777 1439 1806 ——et
1456 1777 1545 1818 ipse,
1575 1775 1637 1805 wie

969 1821 1029 1852 der
1057 1817 1212 1852 Redende
1246 1820 1352 1851 selbst
1386 1820 1454 1851 sich
1490 1820 1637 1859 dagegen

970 1866 1124 1897 erkliiren
1148 1866 1230 1896 will.
1253 1883 1297 1888 -—
1320 1865 1466 1906 licentia,
1491 1865 1543 1895 die
1568 1865 1637 1896 sich

967 1912 999 1942 in
1039 1911 1099 1941 der
1136 1910 1363 1949 Missachtung
1401 1910 1460 1941 der
1492 1908 1637 1941 Gesetze

968 1955 1067 1995 zeigt.
1103 1955 1171 1986 Den
1197 1955 1330 1986 blossen
1351 1954 1424 1985 Abl.
1450 1954 1503 1985 bei
1520 1964 1638 1986 arcere

967 2001 1022 2032 hat
1041 2000 1077 2031 L.
1103 2004 1197 2031 sonst
1214 1999 1266 2030 bei
1284 1999 1442 2030 Brtlichen
1463 1998 1636 2039 Objccten.

966 2063 1011 2068 -—
1028 2047 1152 2087 spreti,
1170 2044 1238 2085 vgl.
1257 2044 1293 2082 2,
1313 2044 1371 2082 47,
1395 2044 1452 2082 113
1470 2043 1509 2083 4,
1527 2044 1586 2083 57,
1604 2043 1636 2075 6.

966 2109 1009 2112 -
1027 2092 1164 2129 contin„
1182 2089 1394 2120 conditional.

1012 2134 1043 2166 8.
1078 2136 1228 2176 faceret,
1257 2134 1365 2166 dieses
1390 2133 1447 2166 W.
1472 2134 1554 2165 wird
1578 2133 1635 2165 be-

967 2180 1106 2211 sonders
1136 2190 1199 2210 von
1229 2179 1413 2211 Einzelnen
1443 2179 1635 2219 gebraucht,

963 2225 1090 2256 welche
1109 2225 1214 2256 einem
1228 2223 1431 2256 Candidaten
1446 2224 1516 2255 ihre
1533 2223 1633 2255 Stirn-

963 2280 1015 2302 me
1040 2269 1161 2310 geben,
1186 2280 1215 2301 c.
1239 2269 1298 2308 64,
1326 2270 1376 2300 10.
1403 2287 1442 2294 ν-
1465 2279 1532 2300 non
1551 2270 1633 2306 obs„

965 2316 1012 2346 516
1036 2315 1173 2346 wiirden
1198 2313 1257 2346 auf
1276 2314 1327 2346 die
1352 2314 1509 2346 Stimmen
1535 2313 1633 2344 keine

964 2360 1146 2392 Riicksicht
1162 2360 1312 2399 nehmen,
1331 2360 1378 2391 sie
1396 2360 1485 2390 nicht
1503 2358 1633 2397 ziihlen,

964 2406 1027 2436 wie
1053 2410 1148 2437 sonst
1171 2406 1335 2437 rationem
1359 2405 1497 2443 habere,
1521 2414 1548 2434 c.
1570 2402 1632 2436 64:

966 2451 1001 2491 7,
1027 2450 1085 2490 22,
1106 2450 1124 2481 8
1150 2461 1182 2482 u.
1208 2460 1237 2481 a.
1273 2450 1373 2480 Beide
1399 2449 1546 2480 erlassen
1573 2449 1631 2479 das

962 2495 1070 2535 Edict,
1089 2495 1235 2535 obgleich
1251 2494 1408 2526 Claudius
1426 2494 1506 2525 nach
1524 2492 1545 2534 ξ
1563 2493 1580 2523 7
1599 2494 1630 2524 111

963 2541 1023 2572 den
1043 2540 1204 2572 Comitien
1221 2540 1283 2571 den
1300 2539 1436 2572 Vorsitz
1451 2537 1552 2570 fdhrt.

1009 2580 1078 2617 22.
1108 2586 1136 2617 1.
1155 2587 1302 2625 tertium,
1321 2595 1347 2616 c.
1362 2584 1392 2616 2.
1412 2603 1455 2607 —-
1468 2594 1557 2615 cons.
1573 2593 1632 2624 oc„

962 2632 1025 2663 wie
1043 2631 1157 2674 spiiter
1173 2630 1226 2663 bei
1242 2631 1314 2663 dem
1331 2628 1422 2662 Tode
1440 2630 1532 2661 611165
1546 2628 1630 2660 Cen-
