1698 2864
150 399 170 431 6

122 1133 164 1165 10

121 1243 159 1276 11

121 1356 163 1388 12

121 1527 162 1560 13

202 180 256 219 24

700 179 829 213 LIBER
850 180 903 213 III.
945 181 1039 215 CAP.
1060 181 1113 214 11.

1449 201 1476 219 a.
1495 202 1523 220 u.
1544 195 1608 221 293.

199 279 392 326 tinebant,
423 292 472 319 ne
500 281 561 320 cui
588 281 628 320 111
650 283 881 323 conluvione
911 295 1043 322 rerum
1072 285 1316 325 maiestatem
1337 298 1447 325 suam
1469 292 1609 327 contu-

198 336 336 375 meliae
357 337 551 377 offerrent.

315 392 438 432 Caeso
455 399 535 434 erat
551 395 766 442 Quinctius,
788 395 898 434 ferox
920 394 1068 435 iuvenis
1086 409 1158 447 qua
1181 397 1379 437 nobilitate
1394 399 1517 450 gentis
1534 412 1609 451 qua

199 449 375 500 corporis
399 450 663 502 magnitudine
686 457 722 490 et
742 452 898 492 viribus.
934 452 981 491 ad
1000 465 1043 492 ea
1061 465 1222 492 munera
1239 454 1327 494 data
1344 468 1365 494 a
1382 455 1456 494 diis
1473 461 1510 495 et
1525 456 1609 507 ipse

196 504 395 545 addiderat
415 507 535 546 multa
557 507 645 546 belli
666 508 806 547 decora
826 508 1124 560 facundiamque
1139 510 1178 548 in
1195 510 1297 558 foro,
1320 517 1362 551 ut
1377 523 1506 560 nemo,
1527 524 1609 551 non

150 569 167 600 7
196 561 344 612 lingua,
374 574 456 601 non
484 576 602 603 manu
630 564 850 616 promptior
877 564 918 603 in
946 565 1095 604 civitate
1115 566 1332 606 haberetur.
1374 568 1437 607 hic
1458 566 1608 608 cumin

200 617 329 657 medio
342 624 496 670 patrum
511 620 663 671 agmine
677 621 915 660 constitisset
926 622 1101 661 eminens
1113 622 1213 662 inter
1228 623 1337 671 alios,
1353 624 1456 663 velut
1472 637 1608 664 omnes

197 674 405 714 dictaturas
428 677 728 729 consulatusque
748 690 885 729 gerens
902 677 942 717 in
962 691 1055 718 voce
1072 691 1115 717 ac
1131 679 1276 718 viribus
1294 680 1391 727 suis,
1412 692 1515 719 unus
1532 681 1608 719 im-

147 738 167 770 8
195 735 309 782 petus
347 732 576 771 tribunicios
605 733 890 785 popularesque
917 735 1106 785 procellas
1135 735 1370 783 sustinebat3
1407 736 1483 775 hoc
1511 737 1607 776 duce

195 799 310 838 saepe
331 788 432 839 pulsi
455 790 541 828 foro
562 789 719 837 tribuni,
739 790 827 829 fusa
847 803 890 830 ac
909 791 1038 842 fugata
1056 791 1185 843 plebes
1203 797 1273 831 est.
1310 792 1374 843 qui
1391 792 1527 832 obvius
1543 793 1608 833 fu-

197 849 296 890 erat,
327 844 518 883 mulcatus
548 846 795 898 nudatusque
825 846 971 893 abibat,
1002 853 1046 886 ut
1067 848 1158 887 satis
1180 853 1398 899 appareret,
1419 849 1451 887 si
1473 849 1528 888 sic
1548 850 1607 900 agi

145 907 165 939 9
193 899 337 945 liceret,
354 900 493 939 victam
513 902 634 952 legem
652 916 751 942 esse.
791 909 875 942 tum
896 916 1021 955 prope
1042 905 1118 943 iam
1134 904 1322 955 perculsis
1339 905 1421 944 aliis
1438 905 1617 945 tribunis

193 956 238 994 Α.
255 956 481 1007 Verginius,
502 971 548 996 ex
571 959 728 1010 collegio
751 972 867 1005 unus,
889 960 1052 999 Caesoni
1075 960 1208 1012 capitis
1229 961 1330 1000 diem
1353 961 1455 1000 dicit.
1496 967 1605 1001 atrox

194 1012 392 1062 ingenium
415 1015 643 1054 accenderat
658 1029 703 1054 eo
720 1016 821 1055 facto
840 1017 962 1066 magis
980 1029 1096 1068 quam
1114 1022 1398 1056 conterruerat:
1416 1031 1461 1056 eo
1480 1019 1605 1058 acrius

194 1068 348 1108 obstare
368 1069 462 1120 legi,
485 1071 627 1121 agitare
648 1072 814 1123 plebem,
835 1073 1017 1112 tribunos
1040 1073 1141 1112 velut
1162 1074 1266 1113 iusto
1289 1074 1470 1125 persequi
1486 1074 1603 1114 bello.

193 1130 396 1164 accusator
415 1126 493 1177 pati
514 1140 625 1166 reum
646 1141 758 1168 ruere
778 1129 1019 1180 invidiaeque
1034 1130 1228 1169 flammam
1251 1143 1294 1169 ac
1310 1131 1511 1170 materiam
1531 1130 1605 1170 cri-

192 1181 363 1221 minibus
386 1183 466 1221 suis
490 1196 715 1234 suggerere,
746 1185 870 1236 legem
892 1186 1046 1224 interim
1068 1197 1149 1224 non
1170 1191 1249 1225 tam
1272 1187 1320 1225 ad
1338 1199 1449 1238 spem
1471 1187 1605 1238 perfe-

191 1238 301 1276 rendi
319 1250 435 1289 quam
451 1239 496 1277 ad
514 1239 780 1280 lacessendam
798 1241 981 1280 Caesonis
998 1243 1253 1281 temeritatem
1270 1243 1382 1281 ferre.
1414 1243 1467 1282 ibi
1483 1243 1605 1282 multa

193 1306 307 1344 saepe
333 1294 380 1332 ab
407 1295 605 1335 iuventute
635 1297 853 1336 inconsulte
881 1298 981 1337 dicta
1009 1299 1183 1350 factaque
1214 1299 1253 1337 in
1281 1299 1397 1338 unius
1419 1299 1603 1339 Caesonis

193 1355 419 1400 suspectum
454 1351 631 1392 incidunt
662 1354 874 1404 ingenium.
920 1359 1050 1393 tamen
1085 1355 1157 1405 legi
1187 1355 1451 1394 resistebatur.
1500 1361 1537 1395 et
1558 1356 1601 1395 Α.

192 1406 394 1457 Verginius
429 1407 640 1448 identidem
674 1410 797 1461 plebi:
829 1411 990 1461 „ecquid
1019 1411 1169 1449 sentitis
1198 1410 1274 1448 iam
1302 1423 1391 1457 vos,
1420 1411 1602 1458 Quirites,

192 1463 406 1502 Caesonem
425 1463 541 1504 simul
558 1466 679 1505 civem
695 1472 733 1505 et
747 1467 882 1517 legem,
900 1479 1013 1518 quam
1033 1466 1186 1518 cupitis,
1203 1466 1343 1505 habere
1359 1479 1439 1506 non
1454 1466 1602 1518 posse?

191 1531 441 1571 quamquam,
465 1522 555 1572 quid
577 1535 648 1573 ego
665 1523 786 1574 legem
807 1522 977 1574 loquor?
998 1523 1161 1562 libertati
1183 1522 1328 1571 obstat3
1351 1535 1487 1562 omnes
1505 1524 1603 1563 Tar-

190 1612 229 1649 7;
253 1611 313 1652 21,
331 1611 392 1652 49,
414 1612 473 1651 113
497 1612 556 1651 34,
576 1612 859 1652 35‚10;ebenso

189 1658 362 1689 abstinere
384 1658 442 1688 mit
464 1658 610 1689 anderen
629 1658 805 1701 Objecten,
830 1669 858 1691 s.

190 1701 228 1741 2,
247 1701 305 1743 22,
322 1702 362 1733 4:
387 1702 426 1743 4,
445 1702 499 1743 59,
518 1702 554 1741 83
583 1703 611 1741 1,
634 1704 661 1742 1,
682 1703 695 1734 1
716 1715 748 1735 11.
767 1715 797 1735 a.
815 1722 860 1727 —

188 1757 230 1778 ne
253 1748 310 1778 cai
325 1752 410 1787 etc.,
434 1748 518 1780 iiber
535 1748 587 1779 die
606 1748 861 1790 Wortstellung

190 1802 216 1823 s.
235 1790 340 1833 praef.
357 1792 388 1825 5.

235 1836 321 1869 6-8.
358 1848 423 1879 qua
440 1843 522 1878 etc.,
547 1839 613 1879 vgl.
637 1839 690 1870 die
707 1839 859 1870 'ahnliche

189 1882 408 1923 Schilderung
431 1883 491 1922 30,
519 1883 547 1915 1.
577 1901 622 1907 —-
639 1884 859 1925 facundiam,

188 1927 279 1958 diese
319 1928 384 1959 und
429 1931 587 1967 grossere
629 1928 861 1961 Gewandtbeit

188 1972 373 2014 iiberhaupt
396 1974 478 2004 wird
505 1974 564 2004 den
584 1974 769 2006 Patriciern
788 1975 858 2006 bei-

188 2017 315 2057 gelegt,
341 2028 368 2049 s.
392 2017 428 2057 2,
453 2018 512 2056 56,
537 2018 577 2056 83
610 2019 747 2060 10,19,
765 2020 795 2051 7.
813 2036 859 2042 —-

185 2064 334 2105 patrum,
352 2062 524 2094 Patricier.
542 2081 587 2086 —-
603 2064 695 2106 pulsi
709 2069 785 2102 etc.,
804 2064 856 2095 ein

188 2112 303 2138 trenes
322 2107 393 2138 Bild
411 2108 471 2138 der
490 2107 857 2148 Gewalttbiitigkeiten,

187 2152 292 2183 denen
318 2152 370 2183 die
388 2152 486 2184 Plebs
509 2163 573 2184 von
592 2153 704 2184 Seiten
724 2155 783 2185 der
801 2155 858 2185 da-

185 2197 269 2228 mals
288 2199 368 2229 noch
387 2198 597 2229 zahlreicben
616 2198 787 2240 Patricier,
805 2200 856 2230 die

186 2253 251 2273 von
270 2243 362 2274 ihren
378 2242 528 2274 Clienten
548 2244 755 2275 unterstiitzt
768 2255 858 2275 wur-

187 2288 267 2324 den,
287 2287 318 2325 2,
338 2288 392 2328 64,
409 2293 604 2328 ausgesetzt
622 2289 684 2329 ist,
707 2299 733 2321 s.
753 2288 773 2330 ξ
797 2288 854 2328 13;

187 2343 214 2364 c.
234 2332 292 2371 12,
311 2333 330 2363 9
355 2344 385 2364 u.
408 2343 438 2366 a.
457 2352 499 2356 —
517 2336 657 2373 victam,
681 2345 716 2366 es
742 2335 854 2366 werde

186 2378 276 2409 nicht
292 2388 527 2418 angenommen
547 2380 694 2410 werden.

232 2422 343 2454 9—10.
379 2423 581 2465 Verginius,
600 2434 625 2456 s.
645 2435 672 2456 c.
693 2424 742 2466 10,
762 2425 792 2455 5.
810 2442 856 2448 ·—

187 2469 309 2510 capitis
332 2468 363 2499 d.
388 2468 438 2508 d.,
458 2479 483 2500 S.
504 2469 539 2507 2,
559 2469 618 2509 35,
636 2469 676 2508 2;
702 2479 739 2500 er
762 2469 854 2509 klagt

186 2513 239 2544 ihn
269 2523 331 2544 vor
360 2514 422 2545 den
453 2513 593 2553 Tribus,
623 2525 737 2554 wegen
768 2514 854 2546 Ver-

188 2559 323 2598 letzung
351 2559 409 2590 der
437 2559 537 2590 durch
564 2560 616 2591 die
641 2560 696 2591 lex
721 2565 853 2591 sacrata

186 2604 389 2644 geheiligten
413 2603 580 2636 Tribunen
605 2606 669 2637 und
692 2605 751 2637 der
774 2605 852 2637 8ῑὸ-

934 1624 1019 1654 rung
1041 1614 1101 1645 der
1124 1613 1302 1654 Comitien,
1324 1625 1382 1656 au,
1406 1616 1488 1646 nach
1506 1614 1603 1647 Dion.

936 1659 986 1698 10,
1013 1659 1049 1689 5:
1075 1655 1286 1701 εἰςάγουσιν
1310 1657 1424 1692 αὑτὸν
1446 1658 1521 1692 ὑπὸ
1547 1658 1602 1692 δί-

933 1714 1000 1744 κην
1023 1700 1252 1747 ἀδικήματος
1272 1703 1475 1749 δημοσίου,
1501 1716 1528 1736 c.
1550 1705 1602 1746 13,

934 1749 971 1786 43
1002 1748 1055 1789 26,
1084 1748 1114 1789 3,
1144 1748 1175 1781 6.
1198 1767 1243 1772 ——
1264 1750 1398 1782 aecend.
1417 1769 1439 1772 —
1458 1752 1602 1792 obstare,

933 1793 1094 1825 Weehsel
1108 1794 1165 1825 des
1175 1794 1340 1835 Subjects.
1354 1806 1517 1835 —ruere,
1532 1796 1601 1828 sicli

932 1839 1067 1870 blindin
1083 1839 1153 1870 sein
1163 1839 1356 1871 Verderben
1371 1841 1520 1882 stiirzen,
1534 1840 1600 1872 Cic.

934 1883 998 1915 Off.
1017 1883 1048 1923 3,
1066 1883 1117 1921 13,
1133 1885 1192 1915 55:
1211 1888 1395 1926 emptorem
1410 1888 1487 1928 pati
1500 1896 1602 1918 ruere

932 1931 965 1959 et
985 1939 1048 1971 per
1070 1939 1222 1960 errorem
1245 1932 1277 1960 in
1294 1932 1601 1972 maoeimamsrau-

931 1973 1007 2005 dem
1029 1974 1222 2013 ίηειιννενες
1247 1973 1326 2007 Tac.
1343 1975 1382 2007 H.
1403 1976 1432 2015 1,
1451 1975 1509 2006 56:
1533 1986 1601 2008 uon

931 2029 1143 2061 compescere
1164 2022 1312 2051 ruentes.
1331 2038 1377 2044 —
1393 2022 1598 2062 criminibus,

930 2063 1248 2105 Anklagepunkten,
1275 2065 1364 2097 Stoff
1383 2076 1456 2097 zum
1474 2066 1598 2098 Ankla-

930 2119 1004 2148 gen.
1023 2126 1067 2131 -—
1083 2108 1129 2140 ad
1150 2120 1260 2152 spem,
1284 2121 1310 2142 s.
1333 2110 1360 2148 1,
1381 2111 1410 2150 7,
1430 2112 1460 2151 7,
1483 2111 1551 2151 vgl.
1569 2123 1596 2143 c.

933 2154 966 2190 1,
992 2153 1026 2185 2:
1050 2155 1084 2184 in
1108 2165 1214 2197 spem.
1239 2173 1284 2178 -
1305 2156 1520 2199 peiferendz',
1546 2157 1597 2188 die

930 2198 1597 2239 Abstimmungdariiberdurchzusetzen.

979 2243 1110 2275 11-13.
1144 2245 1251 2277 multa
1270 2257 1315 2285 s.,
1340 2257 1367 2277 c.
1387 2247 1418 2286 5,
1436 2245 1467 2277 6.
1486 2263 1530 2269 —
1547 2249 1598 2278 ta-

928 2299 1021 2330 men,
1046 2289 1157 2321 indess
1178 2291 1293 2322 wurde
1312 2291 1409 2331 doch,
1434 2301 1504 2322 was
1523 2301 1595 2323 man

929 2335 1010 2365 auch
1029 2333 1081 2365 fiir
1101 2335 1209 2367 Mittel
1227 2337 1420 2375 anwandte‚
1444 2346 1471 2367 s.
1493 2336 1522 2376 1,
1543 2336 1595 2377 12,

932 2379 960 2410 1.
986 2398 1029 2402 —
1052 2380 1184 2421 ecquid,
1210 2382 1246 2420 5,
1271 2381 1329 2419 52,
1345 2381 1386 2419 ⁷13
1412 2381 1463 2412 die
1487 2382 1594 2413 oratio

929 2430 1021 2456 recta
1036 2426 1117 2456 wird
1133 2424 1595 2468 0110111111ι’)ιᾳιιίέεὶηςεΐύὴη,

928 2481 955 2501 s.
975 2470 1033 2509 28,
1052 2470 1113 2510 40,
1131 2470 1167 2501 3:
1192 2471 1302 2502 merkt
1325 2472 1376 2502 ihr
1399 2476 1486 2502 etwa
1509 2473 1594 2502 nun?

926 2533 970 2538 ——
993 2516 1116 2547 habere
1139 2516 1170 2547 in
1196 2521 1300 2547 etwas
1325 2516 1594 2549 verschiedenem

927 2560 1028 2592 Sinne
1057 2572 1098 2592 zu
1127 2564 1228 2593 civem
1255 2562 1321 2592 und
1351 2572 1392 2592 zu
1420 2561 1528 2602 legem
1552 2572 1593 2593 zu

927 2606 1076 2638 nehmen.
1100 2624 1144 2629 ——
1167 2606 1282 2650 quc‘d—
1297 2606 1380 2649 loq.‚
1405 2616 1431 2639 s.
1457 2607 1495 2648 5,
1512 2607 1544 2648 5,
1561 2606 1593 2638 6.
