1698 2864
95 574 148 616 54

176 245 255 284 368

631 241 759 274 LIBER
777 241 818 274 V.
873 241 967 280 CAP.
986 242 1040 275 53.
1059 242 1116 275 54.

1420 258 1446 277 a.
1466 259 1494 278 u.
1517 252 1581 278 364.

173 350 250 385 tam
286 344 391 384 brevi
420 344 688 384 aedificarunt:
717 356 791 384 nos
822 344 1012 396 Capitolio
1041 357 1126 384 arce
1152 344 1359 391 incolumi,
1391 344 1580 384 stantibus

174 401 328 453 templis
356 401 536 449 deorum,
566 401 764 440 aedificare
785 401 943 440 incensa
964 399 1098 452 piget?
1130 406 1167 441 et
1187 401 1290 453 quod
1313 400 1426 452 siguli
1446 400 1583 440 facturi

173 458 340 505 fuimus,
368 459 401 496 si
429 458 541 496 aedes
568 463 726 497 nostrae
748 458 1041 508 dessagrassent,
1068 458 1145 497 hoc
1165 457 1204 496 in
1225 457 1379 510 publico
1401 457 1580 496 incendio

175 514 345 553 universi
365 526 592 553 recusamus
613 512 794 554 facere?⁶⁴

288 570 414 620 „Quid
436 571 605 618 tandem,
628 571 660 610 si
679 572 826 618 fraude,
850 572 882 610 si
903 584 994 611 casu
1016 571 1104 610 Veis
1125 571 1346 610 incendium
1371 574 1498 609 ortum
1522 569 1582 617 sit,

181 632 382 679 ventoque,
410 633 452 667 ut
489 628 570 667 fieri
592 632 739 679 potest,
769 628 907 667 diffusa
931 629 1084 667 flamma
1107 639 1286 679 magnam
1304 631 1452 678 partem
1473 625 1580 665 urbis

175 685 364 733 absumat,
387 685 551 724 Fidenas
579 685 668 723 inde
695 689 760 723 aut
781 684 922 723 Gabios
951 685 1111 724 aliamve
1133 696 1245 735 quam
1268 682 1404 722 urbem
1427 682 1582 733 quaesi-

128 752 148 783 2
174 741 251 781 turi
271 753 427 787 sumus,
451 753 526 792 quo
550 739 900 791 transmigremus?
932 741 1026 779 adeo
1050 740 1142 779 nihil
1163 744 1270 779 tenet
1291 739 1416 778 solum
1439 738 1583 790 patriae

176 810 247 836 nec
262 798 354 836 haee
369 801 483 844 terra,
500 809 614 848 quam
632 802 796 836 matrem
814 797 1065 848 appellamus,
1092 797 1157 835 sed
1174 796 1214 835 in
1233 795 1436 847 superficie
1447 795 1584 846 tignis-

129 863 147 894 3
177 866 249 905 que
283 853 418 892 caritas
447 853 561 892 nobis
584 853 730 904 patriae
761 851 933 904 pendet?
965 853 1141 903 equidem
1180 852 1329 892 fatebor
1354 851 1480 899 vobis,
1511 852 1583 890 etsi

175 910 304 949 minus
331 909 492 948 iniuriae
522 914 670 949 vestrae
701 922 814 961 quam
838 922 944 948 meae
967 909 1188 948 calamitatis
1214 908 1439 947 meminisse
1465 909 1584 946 iuvat:

178 978 263 1005 cum
292 966 484 1012 abessem,
515 967 863 1017 quotienscumque
891 967 1013 1016 patria
1040 966 1078 1005 in
1101 970 1271 1004 mentem
1301 964 1465 1011 veniret,
1494 964 1586 1003 haec

178 1022 306 1063 omnia
332 1022 604 1069 occurrebant,
634 1023 750 1062 colles
773 1023 975 1074 campique
997 1027 1034 1061 et
1051 1022 1202 1061 Tiberis
1227 1027 1263 1060 et
1284 1021 1442 1060 adsueta
1465 1021 1585 1059 oculis

176 1079 281 1129 regio
300 1083 336 1117 et
351 1079 426 1116 hoc
443 1079 604 1125 caelum,
622 1079 695 1118 sub
716 1091 792 1130 quo
811 1084 924 1118 natus
942 1079 1203 1129 educatusque
1220 1090 1366 1124 essem;
1388 1089 1485 1127 quae
1501 1089 1585 1123 vos,

179 1134 364 1181 Quirites,
386 1145 491 1172 nunc
508 1140 686 1174 moveant
708 1135 838 1185 potius
863 1134 1016 1173 caritate
1037 1147 1126 1182 sua,
1146 1139 1188 1174 ut
1217 1133 1404 1172 maneatis
1433 1134 1472 1171 in
1493 1133 1585 1172 sede

125 1231 130 1233 ,
177 1194 319 1237 vestra,
345 1202 460 1240 quam
488 1195 642 1241 postea,
673 1204 758 1230 cum
782 1190 1009 1242 reliqueritis
1033 1203 1133 1237 eam,
1164 1194 1358 1229 macerent
1379 1189 1585 1228 desiderio.

176 1257 257 1284 non
279 1246 363 1284 sine
387 1258 501 1284 causa
523 1246 573 1284 dii
595 1246 853 1297 hominesque
874 1247 979 1285 hunc
998 1246 1084 1285 urbi
1108 1246 1335 1285 condendae
1356 1245 1486 1284 locum
1509 1245 1585 1284 ele-

176 1307 326 1352 gerunt,
345 1302 619 1340 saluberrimos
638 1303 764 1349 colles,
783 1304 926 1343 flumen
945 1307 1226 1354 opportunum,
1245 1314 1321 1352 quo
1339 1314 1384 1340 ex
1402 1301 1585 1340 mediter-

176 1360 303 1398 raneis
316 1358 411 1397 locis
425 1358 556 1409 fruges
575 1359 821 1407 devehantur,
839 1372 914 1410 quo
935 1358 1116 1398 maritimi
1134 1363 1373 1398 commeatus
1391 1357 1584 1409 accipian-

178 1538 208 1577 9,
228 1538 257 1569 9.
275 1556 319 1560 —-
337 1537 479 1581 templis,
497 1547 612 1578 wegen
631 1538 690 1569 der
704 1537 847 1569 Verbin—

179 1583 264 1623 dung
280 1583 338 1613 mit
354 1583 513 1625 Capitolio
540 1593 619 1614 arce
637 1583 681 1614 ist
699 1583 771 1614 hier
787 1584 847 1614 der

178 1627 434 1670 Capitolinische
459 1628 619 1668 gemeint,
641 1638 666 1658 s.
688 1639 714 1658 c.
735 1628 795 1666 50,
816 1628 846 1660 2.

178 1672 238 1703 Die
263 1672 485 1704 Schlussl'orm
517 1673 579 1704 wie
610 1683 636 1704 c.
661 1672 719 1710 52,
751 1672 781 1704 3.
803 1691 847 1696 —

173 1717 365 1760 aetificat-e,
388 1718 471 1748 ohne
491 1717 699 1758 Andeutung‚
716 1719 792 1749 dass
811 1728 846 1749 es

178 1763 281 1793 wied
292 1773 335 1793 er
352 1762 535 1803 geschieht,
549 1761 614 1793 Cic.
629 1761 727 1793 Verr.
743 1763 776 1803 4,
794 1762 846 1804 38,

180 1806 238 1838 82:
256 1807 438 1839 incidatur.

223 1845 291 1883 54.
337 1852 421 1883 1-3.
477 1852 536 1883 Die
573 1852 848 1892 Auswnnderung

178 1897 288 1928 wiirde
307 1897 390 1928 ohne
410 1896 535 1928 Zweck
552 1897 634 1935 sein,
653 1897 691 1928 da
711 1897 759 1928 sie
779 1898 847 1928 sich

178 1941 292 1973 immer
309 1942 532 1973 wiederholen
551 1941 687 1974 kb'nnte.

226 1986 312 2018 1-2.
330 1986 447 2018 Fiden.
465 1985 557 2026 Gah„
576 1987 672 2028 zwei,
688 1986 746 2018 wie
762 1986 848 2028 Veji,

170 2031 352 2064 vdevovirte
382 2031 517 2073 Stadte,
548 2042 574 2063 5.
606 2042 633 2062 c.
659 2031 719 2072 24,
749 2032 780 2062 5.
804 2050 848 2054 »-

178 2075 330 2114 aliamve,
355 2076 380 2116 l,
403 2076 431 2115 1,
450 2075 480 2107 6.
499 2094 543 2099 —
558 2079 657 2116 tenet,
672 2076 725 2116 21,
741 2076 792 2116 26,
812 2076 847 2107 7:

178 2131 260 2162 quos
272 2120 368 2152 sedes
383 2131 466 2152 suae
475 2123 662 2152 tenuerant.
677 2131 849 2164 —super-

170 2165 262 2208 ficia,
281 2166 369 2196 nicht
386 2165 457 2196 blos
476 2166 527 2196 die
546 2165 751 2205 Oberss‘ziche‚
770 2175 846 2196 son-

179 2211 258 2241 dern
271 2220 340 2241 was
354 2220 417 2241 von
434 2210 505 2241 dem
514 2210 623 2240 Boden
635 2211 735 2250 (area,
751 2211 845 2252 ager)

179 2256 388 2295 hervorragt,
406 2254 588 2286 besonders
605 2254 773 2294 Gebiiude,
791 2254 847 2286 Di-

179 2304 263 2340 gest.
281 2299 320 2330 41
332 2324 340 2339 ‚
360 2299 396 2338 3,
415 2299 473 2330 23:
492 2309 566 2331 cum
584 2299 683 2331 aedes
701 2311 745 2331 ea:
762 2299 846 2331 dua-

179 2347 241 2377 bus
254 2346 354 2377 rebus
367 2347 529 2386 constent,
544 2356 589 2376 ea:
601 2344 672 2376 solo
687 2346 847 2386 etsuper-

172 2391 268 2432 ficie3
289 2390 330 2422 ib.
349 2389 403 2431 43,
425 2389 476 2430 18,
494 2389 530 2420 4:
553 2391 594 2431 is,
611 2391 645 2421 in
664 2392 758 2421 cuius
776 2389 847 2421 solo

180 2435 376 2478 superficies
400 2437 468 2468 est:
500 2433 566 2466 Cic.
592 2435 662 2467 Att.
686 2434 723 2473 4,
751 2434 786 2474 l,
810 2435 846 2466 7:

181 2490 293 2511 aream
315 2480 528 2522 praeclaram
545 2480 762 2516 habebimus;
787 2491 848 2512 su-

177 2524 347 2568 perficiem
376 2524 528 2557 consules
556 2544 578 2547 —
600 2526 847 2557 aestimabunt.-

181 2572 231 2601 sin
245 2569 343 2601 aliter
357 2569 596 2610 demolientur3
612 2572 717 2612 tignis
731 2570 774 2602 ist
787 2581 849 2601 nur

182 2613 357 2645 erkliirend
376 2613 607 2655 hinzugeffigt;
626 2615 693 2655 vgl.
712 2614 790 2648 Tac.
809 2615 848 2647 H.

180 2658 212 2701 Ι1,
231 2659 287 2689 84ε
307 2660 405 2702 quid?
418 2671 476 2692 vos
488 2660 750 2703 pulcherrimam
763 2661 848 2692 hanc

919 1538 1038 1570 urbem
1055 1537 1208 1569 domibus
1221 1539 1254 1568 et
1267 1538 1365 1568 tectis
1379 1539 1413 1568 et
1424 1539 1589 1578 congesta

918 1582 1070 1626 lapidum
1094 1585 1189 1614 stare
1218 1581 1376 1614 creditis?
1398 1600 1419 1604 -
1440 1582 1588 1613 aeterni-

920 1631 973 1659 tas
990 1638 1106 1660 rerum
1124 1630 1156 1659 et
1171 1638 1243 1670 pax
1255 1629 1411 1668 gentium
1427 1625 1589 1658 -incolu-

919 1675 1038 1704 πιίἰαίε
1051 1673 1381 1714 senatu-sfirmath
1397 1671 1433 1703 L.
1449 1671 1480 1711 9,
1494 1671 1525 1711 4,
1537 1671 1588 1702 12.

966 1717 996 1750 3.
1023 1719 1089 1749 etsi
1102 1736 1124 1740 —
1136 1718 1244 1749 iuvat:
1268 1717 1416 1757 obgleich
1431 1716 1480 1747 ich
1494 1716 1590 1756 mich,

921 1772 1016 1794 wenn
1035 1763 1084 1794 ich
1102 1772 1141 1793 an
1160 1763 1244 1794 mein
1264 1762 1343 1793 Exil
1361 1761 1482 1803 denke,
1501 1761 1591 1792 nicht

921 1808 1044 1839 sowohl
1061 1818 1101 1838 an
1120 1808 1178 1839 das
1197 1807 1353 1839 erlittene
1369 1806 1516 1839 Unrecht
1532 1816 1590 1837 er-

921 1854 1036 1884 innern
1067 1862 1155 1894 mag,
1189 1853 1239 1883 als
1269 1852 1351 1884 mich
1381 1850 1493 1892 frene,
1531 1851 1589 1882 das

920 1898 995 1938 (mir
1019 1907 1092 1929 vom
1111 1897 1283 1929 Schicksal
1307 1897 1506 1936 bestimmte)
1527 1895 1592 1928 Un-

920 1943 1054 1983 gemach
1067 1942 1290 1973 iiberstanden
1307 1953 1347 1973 zu
1356 1941 1458 1972 baben
1471 1951 1478 1979 3
1493 1950 1590 1972 wenn

920 1998 991 2019 man
1014 1998 1110 2019 meae
1134 1987 1236 2026 tilgen
1260 1986 1392 2026 wollte,
1416 1995 1452 2017 so
1475 1985 1590 2016 wiirde

919 2034 960 2064 iu
968 2042 986 2063 v
993 2035 1035 2063 at
1046 2031 1249 2062 calamitatis
1258 2033 1390 2063 vestrae
1397 2032 1592 2062 meminisse

921 2077 1009 2108 nicht
1033 2077 1174 2118 passend
1198 2077 1279 2107 sein.
1298 2094 1340 2098 —
1358 2076 1438 2107 haec
1456 2079 1536 2116 etc.‚
1562 2085 1589 2107 5.

920 2121 1006 2152 Einl.
1025 2121 1058 2152 S.
1077 2121 1107 2152 6.
1126 2139 1170 2143 -
1187 2123 1375 2164 campique,
1401 2121 1458 2152 das
1479 2119 1588 2152 Mars-

920 2165 1004 2206 feld,
1028 2176 1145 2206 wegen
1169 2165 1314 2197 Tiberis.
1340 2184 1384 2189 —
1409 2165 1589 2206 desiderio,

919 2211 1142 2251 ‚‚He1mweh“.
1177 2211 1244 2242 Der
1266 2221 1370 2251 ganze
1389 2210 1468 2241 Satz
1486 2210 1590 2242 bildet

919 2256 980 2287 den
996 2255 1191 2296 Uebergang
1205 2267 1246 2287 zu
1259 2256 1331 2287 dem
1344 2255 1471 2287 letzten
1481 2254 1590 2287 Grun-

919 2302 959 2332 de
973 2311 1077 2341 gegen
1092 2301 1144 2332 die
1159 2300 1332 2341 mgnum),
1347 2301 1423 2332 dass
1437 2299 1591 2332 dietreff-

920 2346 1004 2377 liche
1023 2345 1112 2387 Lage
1135 2347 1196 2377 der
1218 2346 1315 2377 stadt
1336 2356 1400 2376 von
1425 2345 1484 2376 der
1500 2345 1589 2376 Aus-

920 2392 1125 2432 wanderung
1137 2391 1289 2422 abhalten
1299 2390 1428 2429 miisse3
1443 2390 1510 2431 vgl.
1521 2389 1589 2421 Cic.

920 2436 1022 2477 Legg.
1041 2436 1072 2477 2,
1094 2436 1121 2476 1,
1141 2435 1170 2467 3.

965 2482 997 2513 4.
1033 2481 1141 2513 locum
1169 2480 1225 2519 eh,
1255 2480 1320 2520 vgl.
1350 2479 1416 2511 Cic.
1446 2478 1527 2521 Rep.
1557 2478 1588 2520 2,

921 2526 956 2557 6:
986 2526 1094 2558 locum
1122 2525 1245 2567 delegit
1277 2524 1474 2564 (Romulus)
1503 2543 1526 2546 —
1552 2525 1584 2555 in

920 2573 1060 2613 reg-ione
1088 2571 1261 2615 pestilenti
1281 2569 1467 2602 salubrem.-
1491 2568 1589 2601 colles

921 2618 1008 2648 em‘m
1025 2619 1122 2657 sunt,
1146 2618 1202 2659 qui
1216 2626 1292 2647 cum
1306 2615 1499 2658 perflantur
1513 2615 1589 2657 ipsi,

923 2665 993 2694 tam
1031 2661 1199 2704 adserunt
1236 2661 1392 2693 umbram
1430 2659 1587 2697 vallibus,-
