1698 2864
107 227 133 245 a.
148 218 203 245 ch.
217 219 280 244 449.

105 312 289 358 videatur,
309 311 349 350 in
366 313 559 373 potestate
581 313 735 361 patrum
758 308 976 348 adfirmant
1016 308 1054 347 id
1075 309 1195 348 modo
1213 309 1328 349 simul
1345 314 1458 349 orant
1472 322 1516 349 ac
1548 314 1583 346 11

558 206 685 239 LIBER
709 205 763 239 111.
812 205 905 238 CAP.
925 206 979 239 52.
1005 206 1059 239 53.

1436 206 1539 265 103,

105 373 279 415 monent,
300 372 344 406 ut
363 366 459 417 ipsis
482 365 528 404 ab
546 365 688 405 invidia
705 371 894 413 caveatur,
916 377 989 404 nec
1005 377 1077 404 suo
1096 366 1284 417 sanguine
1300 367 1345 405 ad
1364 366 1514 418 suppli-

106 425 162 464 cia
183 429 335 476 patrum
358 422 507 474 plebem
530 422 805 461 adsuefaciant.

217 480 316 519 Tum
345 478 515 518 Valerius
544 478 806 530 Horatiusque
831 478 943 517 missi
969 478 1016 517 ad
1038 477 1191 528 plebem
1214 478 1508 518 condicionibus
1540 477 1593 517 53

104 536 245 588 quibus
281 535 474 575 videretur
499 535 758 574 revocandam
790 534 1146 586 conponendasque
1177 547 1259 581 res,
1289 535 1513 574 decemviris

104 605 259 644 quoque
286 592 332 631 ab
354 592 409 631 ira
431 597 468 631 et
488 591 636 643 impetu
658 591 916 631 multitudinis
934 603 1161 642 praecavere
1183 591 1376 630 iubentur.
1418 603 1513 642 pro·
1545 594 1564 626 2

103 649 192 688 fecti
214 649 353 700 gaudio
376 649 521 700 ingenti
542 648 663 700 plebis
686 648 724 687 in
748 653 870 688 castra
893 647 1148 699 accipiuntur,
1172 647 1316 699 quippe
1331 647 1513 687 liberato-

103 718 164 746 res
187 706 289 745 haud
311 705 425 744 dubie
445 710 483 744 et
503 710 635 744 motus
657 705 765 744 initio
788 709 824 744 et
844 704 946 743 exitu
962 704 1029 743 rei.
1066 704 1115 743 ob
1133 704 1228 743 haec
1243 704 1289 742 iis
1307 704 1514 743 advenien-

103 762 207 801 tibus
237 762 378 813 gratiae
406 767 524 801 actae.
566 762 693 801 Icilius
721 774 793 813 pro
827 761 1076 801 multitudine
1107 761 1222 800 verba
1248 760 1350 800 facit.
1398 760 1512 807 idem,
1544 765 1563 796 3

105 831 192 858 cum
214 819 261 857 de
283 818 578 858 condicionibus
600 824 787 869 ageretur,
810 818 1084 870 quaerentibus
1106 817 1241 868 legatis
1263 830 1360 869 quae
1376 822 1515 869 postu-

102 875 175 914 lata
197 875 318 926 plebis
340 880 485 922 essent,
508 875 715 926 conposito
737 875 811 914 iam
835 880 922 914 ante
943 874 1147 913 adventum
1175 874 1388 925 legatorum
1418 885 1513 913 con-

106 931 191 970 silio
214 944 255 970 ea
277 931 500 983 postulavit,
525 937 565 970 ut
585 936 789 983 appareret
808 932 848 970 in
866 930 1056 981 aequitate
1076 943 1207 969 rerum
1230 930 1317 981 plus
1338 943 1453 981 quam
1475 930 1514 969 in

104 987 221 1027 armis
242 989 379 1039 reponi
397 988 492 1039 spei.
529 993 761 1038 potestatem
780 988 882 1026 enim
900 986 1147 1026 tribuniciam
1166 987 1512 1037 provocationem·
1541 992 1562 1023 4

103 1056 176 1095 que
196 1044 437 1095 repetebant,
469 1055 564 1095 quae
585 1049 673 1082 ante
695 1043 935 1082 decemviros
958 1048 1109 1082 creatos
1131 1043 1264 1082 auxilia
1286 1042 1407 1094 plebis
1429 1043 1515 1082 fue-

103 1105 207 1148 rant,
231 1105 270 1139 et
290 1113 337 1139 ne
360 1100 419 1140 cui
440 1100 566 1139 fraudi
588 1106 693 1139 esset
715 1099 893 1139 concisse
913 1099 1053 1138 milites
1076 1104 1141 1138 aut
1161 1099 1312 1150 plebem
1334 1099 1380 1138 ad
1402 1111 1514 1151 repe—

102 1157 259 1196 tendam
295 1170 364 1208 per
396 1156 659 1196 secessionem
687 1157 915 1196 libertatem.
974 1156 1021 1195 de
1049 1155 1357 1195 decemvirorum
1393 1156 1512 1195 modo
1544 1159 1563 1191 5

105 1213 294 1265 supplicio
318 1219 428 1252 atrox
450 1213 688 1265 postulatum
705 1213 797 1252 fuit:
827 1213 912 1252 dedi
935 1213 1079 1264 quippe
1099 1225 1166 1251 eos
1189 1225 1354 1264 aequum
1379 1225 1515 1251 cense-

104 1270 215 1317 bant,
250 1271 433 1321 vivosque
468 1270 545 1321 igni
584 1275 904 1309 concrematuros
929 1269 1188 1308 minabantur.
1236 1269 1350 1319 legati
1376 1269 1422 1307 ad
1452 1282 1512 1308 ea:
1544 1270 1563 1302 6

105 1339 227 1378 „quae
248 1327 399 1366 consilii
419 1327 595 1373 fuerunt,
616 1327 711 1366 adeo
733 1339 852 1378 aequa
874 1326 1112 1378 postulastis,
1132 1330 1176 1364 ut
1197 1325 1296 1364 ultro
1314 1325 1423 1364 vobis
1446 1326 1513 1364 de-

102 1383 260 1422 ferenda
287 1383 449 1422 fuerint:
478 1383 641 1422 libertati
668 1383 769 1422 enim
799 1396 840 1422 ea
863 1382 1053 1434 praesidia
1075 1382 1222 1434 petitis,
1242 1394 1323 1421 non
1343 1382 1515 1422 licentiae

103 1439 150 1479 ad
183 1439 458 1491 inpugnandos
498 1439 606 1479 alios.
652 1440 731 1479 irae
760 1444 907 1479 vestrae
936 1439 1057 1489 magis
1083 1439 1367 1490 ignoscendum
1397 1451 1513 1490 quam
1544 1442 1562 1473 7

104 1496 381 1547 indulgendum
416 1501 492 1542 est,
521 1497 664 1548 quippe
701 1497 765 1547 qui
796 1496 1030 1535 crudelitatis
1060 1496 1150 1534 odio
1179 1496 1217 1534 in
1248 1495 1514 1535 crudelitatem

103 1552 226 1598 ruitis,
248 1558 285 1591 et
306 1552 412 1603 prius
434 1565 570 1604 paene,
594 1565 708 1604 quam
731 1553 807 1604 ipsi
826 1553 934 1592 liberi
957 1552 1054 1598 sitis,
1077 1552 1269 1591 dominari
1290 1552 1364 1591 iam
1386 1552 1425 1591 in
1442 1553 1515 1591 ad-

103 1608 295 1648 versarios
320 1609 444 1648 vultis.
486 1621 754 1661 numquamne
777 1609 948 1661 quiescet
966 1609 1097 1648 civitas
1119 1614 1254 1648 nostra
1276 1621 1295 1648 a
1313 1609 1513 1661 suppliciis
1544 1613 1562 1645 8

103 1732 259 1763 hinderns
277 1732 371 1772 liegt.
389 1750 433 1755 ——
450 1732 604 1764 videatur·
621 1742 683 1763 vor
701 1732 773 1763 dem

101 1787 210 1820 praes.
230 1778 347 1809 histor.
362 1778 425 1808 wie
444 1788 472 1809 c.
499 1777 550 1817 13,
574 1778 611 1816 63
637 1777 690 1817 26,
715 1777 773 1815 103

105 1823 134 1865 1,
151 1822 206 1863 50,
226 1822 261 1861 13
281 1823 310 1862 2,
338 1822 388 1862 10,
413 1822 444 1863 9,
464 1823 531 1863 vgl.
556 1834 582 1855 c.
608 1823 661 1863 35,
684 1821 714 1854 8.
730 1840 775 1846 —-

103 1870 204 1901 orant
219 1868 280 1899 den
299 1867 453 1899 Vortheil
478 1869 567 1905 (dass
592 1869 639 1899 sie
664 1868 773 1899 sicher

102 1913 240 1954 gestellt
263 1914 411 1954 werden)
435 1911 489 1944 ffir
509 1914 595 1945 sich:
624 1916 772 1954 monent,

102 1959 153 1990 die
170 1958 387 1999 Abwendung
403 1959 463 1990 der
481 1957 603 1990 Gefahr
622 1959 694 1999 (nec
709 1969 771 1990 suo

101 2022 124 2027 —
162 2003 411 2046 adsuffaciaut)
454 2002 509 2035 fur
554 2005 615 2035 den
657 2004 771 2036 Senat.

102 2048 213 2081 Ueber
228 2059 331 2080 necs
351 2060 379 2080 c.
397 2048 452 2090 21,
470 2049 500 2081 6.

149 2087 217 2125 53.
246 2093 400 2126 1-4.17·α
423 2105 449 2125 e.
472 2096 566 2137 imp„
591 2105 618 2126 s.
643 2106 670 2126 c.
689 2093 719 2133 3,
740 2093 772 2126 3.

102 2156 146 2161 —
163 2138 287 2180 Icilius,
299 2139 371 2170 also
390 2139 508 2171 keiuer
525 2140 585 2171 der
602 2151 629 2172 c.
649 2140 702 2171 51
731 2139 770 2171 10

102 2188 300 2224 genannten.
317 2202 361 2207 -—-
378 2195 479 2226 quam
495 2195 593 2225 arm,
615 2186 663 2217 sie
688 2185 771 2216 wol-

102 2229 155 2261 len
186 2229 273 2260 nicht
301 2230 364 2261 den
395 2229 629 2270 Biirgerkrieg.
658 2248 704 2254 --
730 2241 773 2262 ne

102 2274 295 2317 cuisraudi
310 2280 386 2316 eto,
403 2285 430 2306 s.
454 2275 481 2314 1,
500 2274 553 2316 24,
573 2276 610 2315 53
629 2276 677 2307 sie
694 2277 772 2307 Ver-

100 2320 220 2360 langen
254 2320 424 2352 Amnestie
456 2319 510 2352 fiir
538 2321 589 2352 die
622 2320 773 2353 Urheber

101 2365 161 2396 der
180 2365 369 2406 Empo'rung
386 2366 427 2397 im
446 2365 554 2406 Lager
570 2366 635 2397 und
662 2367 691 2397 in
714 2366 774 2397 der

100 2410 207 2442 Stadt.
241 2409 330 2442 Nach
346 2414 387 2449 et,
407 2412 469 2442 wie
484 2416 578 2442 sonst
590 2412 671 2442 auch
686 2412 767 2443 nach

100 2456 246 2487 anderen
270 2456 626 2499 Copulativpartikeln,
650 2457 695 2488 ist
717 2457 769 2488 ein

101 2500 247 2533 Verbum
275 2511 334 2533 aus
364 2502 435 2533 dem
467 2502 770 2542 Zusamrnenhange

103 2556 144 2577 zu
167 2547 345 2587 ergiinzen,
369 2547 423 2587 43,
457 2548 507 2586 11,
539 2547 573 2579 2:
604 2549 774 2579 miserunt

102 2593 160 2633 qui
175 2595 349 2636 comperta
361 2603 446 2635 quae
457 2595 646 2634 agerentur
659 2594 774 2635 refer-

103 2639 187 2679 rent,
211 2639 245 2669 et
266 2640 305 2670 ut
321 2639 365 2670 A.
389 2638 553 2670 Hostilius
577 2640 697 2671 consul
717 2649 773 2671 co-

846 1734 983 1764 mitia-
1001 1732 1155 1765 ediceret.

893 1778 924 1809 5.
943 1777 1030 1818 dedi,
1047 1778 1096 1809 als
1113 1777 1249 1812 Feinde,
1266 1778 1318 1809 die
1337 1779 1388 1809 ein
1408 1778 1517 1810 Biind—

847 1823 917 1854 niss
951 1823 1137 1863 gebrocben
1171 1815 1294 1864 baben,
1327 1823 1434 1855 sollen
1468 1824 1516 1855 sie

844 1867 1062 1921 ausgeliefert
1083 1869 1231 1909 werden,
1255 1878 1281 1899 s.
1305 1868 1337 1909 4,
1362 1868 1392 1907 6,
1420 1869 1451 1900 7.
1473 1887 1517 1892 —

846 1915 1001 1955 vitorque
1017 1916 1064 1955 ig.
1082 1924 1120 1953 c.,
1145 1914 1197 1945 die
1216 1918 1311 1945 sonst
1328 1914 1436 1945 selten
1461 1924 1516 1945 er-

844 1960 977 1990 wahnte
1007 1957 1119 1990 Strafe
1147 1959 1277 1990 scheint
1303 1959 1334 1990 in
1364 1957 1520 1991 friiherer

846 2004 923 2036 Zeit
941 2005 992 2036 die
1007 2004 1277 2036 Hochverr‘ather
1294 2005 1456 2044 getroffen
1476 2015 1519 2036 zu

845 2050 962 2089 haben,
980 2049 1043 2089 vgl.
1065 2060 1093 2081 c.
1113 2050 1166 2090 55,
1194 2049 1251 2088 143
1278 2049 1352 2082 Val.
1370 2049 1461 2082 Max.
1487 2050 1518 2090 6,

846 2094 884 2135 3,
916 2095 952 2134 13
983 2095 1014 2135 2,
1044 2095 1106 2126 wie
1137 2096 1251 2137 spiiter
1279 2095 1403 2126 andere
1431 2094 1517 2127 Ver-

844 2140 995 2179 brecber,
1014 2151 1041 2171 s.
1060 2151 1100 2171 zu
1119 2139 1172 2180 30,
1192 2140 1243 2182 43,
1274 2140 1331 2179 13;
1356 2141 1516 2172 Ammian.

844 2186 948 2217 Marc.
962 2185 1016 2225 21,
1037 2185 1088 2225 12,
1107 2185 1161 2217 20.

890 2231 968 2263 6-8.
1004 2231 1135 2263 consilli
1162 2231 1213 2262 als
1243 2230 1348 2263 Sacbe
1383 2232 1518 2271 rubiger

845 2276 1097 2317 Ueberlegung;
1123 2277 1164 2308 im
1186 2275 1374 2317 Gegensatz
1400 2287 1439 2307 zu
1459 2278 1519 2308 der

845 2320 1081 2354 Leidenschast
1097 2321 1117 2364 ξ
1136 2322 1171 2353 7:
1195 2323 1280 2353 irae.
1296 2340 1341 2344 —
1357 2322 1516 2360 libertati,

845 2379 899 2400 um
917 2368 984 2400 sich
1007 2378 1112 2408 gegen
1137 2368 1350 2410 tyrannische
1371 2367 1519 2399 Willkiir

839 2424 882 2445 zu
914 2413 1085 2444 schiitzen.
1112 2431 1157 2435 —
1187 2414 1300 2454 magis
1332 2414 1414 2454 ign„
1449 2413 1521 2452 das,

842 2461 1021 2501 ignoscere
1039 2459 1082 2490 ist
1098 2458 1191 2490 mehr
1220 2458 1378 2497 zuliissig,
1400 2457 1466 2497 vgl.
1485 2457 1516 2497 6,

847 2504 899 2542 10,
918 2504 958 2542 9·
988 2503 1041 2542 21,
1072 2505 1103 2544 5,
1128 2503 1166 2541 33
1192 2502 1257 2534 fast
1279 2502 1402 2542 gleich:
1428 2503 1517 2534 nicht

845 2550 988 2581 sowol—
1005 2550 1067 2580 als.
1085 2567 1128 2572 -—
1145 2559 1166 2579 α
1182 2547 1367 2590 εαρρ]ἰοίἰ“,.ς
1390 2547 1492 2578 weil*
1485 2558 1516 2578 in

845 2596 1018 2637 quiescere
1047 2594 1104 2625 der
1135 2592 1261 2632 Begriff
1290 2593 1349 2624 der
1378 2592 1517 2624 Entler-

846 2650 935 2680 nung
953 2640 1044 2680 liegt,
1070 2638 1132 2670 wie
1157 2636 1204 2669 oft
1227 2639 1319 2679 quies
1341 2638 1383 2669 ab
1405 2638 1517 2681 alequa
