1698 2864
688 118 856 152 LIBERI.
906 118 999 152 CAP.
1018 119 1072 152 31.

1496 121 1575 160 147

159 138 184 156 a.
208 129 259 157 Oh.
281 130 431 157 672—640.

154 223 253 262 diale
275 235 430 261 sacrum
452 221 608 274 publice
631 226 859 272 susceptum
884 226 955 265 est,
979 233 1049 259 seu
1071 234 1165 260 voce
1187 223 1346 261 caelesti
1363 235 1409 262 ex
1427 222 1575 261 Albano

153 285 289 319 monte
312 280 431 318 missa
451 301 507 305 —
528 290 619 317 nam
640 278 679 316 id
698 290 855 328 quoque
875 277 1046 315 traditur
1061 303 1115 306 —
1133 290 1201 316 seu
1220 279 1470 329 haruspicum
1488 291 1576 317 mo-

152 337 255 382 nitu3
275 335 417 374 mansit
434 340 539 374 certe
557 335 762 377 sollemne,
779 339 834 379 ut,
850 334 1090 384 quandoque
1106 334 1211 372 idem
1230 335 1452 385 prodigium
1470 347 1574 373 nun-

150 393 327 436 tiaretur,
349 391 468 430 feriae
489 403 558 442 per
580 402 723 430 novem
745 391 827 428 dies
850 396 1073 440 agerentur.

263 448 374 487 Haud
396 448 448 486 ita
472 448 595 486 multo
616 452 706 498 post
734 446 961 497 pestilentia
991 446 1211 484 laboratum
1236 451 1306 485 est.
1360 447 1463 484 unde
1485 460 1575 485 cum
1604 456 1623 486 5

147 504 302 555 pigritia
325 504 518 543 militandi
541 509 732 549 oreretur,
757 503 861 542 nulla
884 508 1019 541 tamen
1041 502 1087 541 ab
1112 502 1230 540 armis
1249 502 1357 553 quies
1377 502 1540 541 dabatur
1557 516 1577 542 a

148 561 333 600 bellicoso
355 573 460 612 rege,
483 560 697 599 salubriora
721 559 838 597 etiam
863 560 1049 598 credente
1074 559 1232 597 militiae
1257 571 1374 609 quam
1394 559 1499 597 domi
1517 559 1579 598 iu-

146 629 291 656 venum
313 630 478 668 corpora
500 630 599 661 esse,
622 617 750 655 donec
771 616 853 667 ipse
870 628 1028 667 quoque
1045 615 1262 666 longinquo
1280 615 1419 653 morbo
1438 621 1496 653 est
1513 615 1576 653 in-

146 674 315 725 plicitus.
366 679 462 712 tunc
491 674 588 712 adeo
618 673 730 712 fracti
761 673 877 711 simul
907 685 997 710 cum
1030 684 1195 722 corpore
1219 678 1315 710 sunt
1338 671 1500 722 spiritus
1522 671 1576 710 illi
1603 678 1623 710 6

145 732 309 777 feroces,
330 736 386 775 ut,
408 730 474 782 qui
498 730 592 769 nihil
615 736 706 768 ante
728 736 837 768 ratus
861 735 962 767 esset
986 729 1116 767 minus
1138 728 1287 778 regium
1312 741 1432 779 quam
1455 728 1576 766 sacris

147 787 289 826 dedere
310 787 501 833 animum,
524 792 686 837 repente
708 786 894 824 omnihus
918 786 1067 834 magnis
1092 785 1299 836 parvisque
1320 784 1577 836 superstitio—

145 844 261 882 nibus
283 844 476 882 obnoxius
499 844 661 894 degeret
682 843 1017 893 religionibusque
1040 842 1158 880 etiam
1182 841 1373 892 populum
1387 841 1573 892 inpleret.

144 901 257 951 vulgo
280 901 356 938 iam
381 901 560 938 homines
583 912 675 938 eum
697 904 843 937 statum
864 911 995 936 rerum
1010 928 1019 943 ,
1048 898 1115 949 qui
1143 898 1216 936 sub
1240 898 1366 937 Numa
1397 910 1488 948 rege
1511 898 1574 936 fu-
1602 909 1619 940 7

145 962 240 1002 erat,
264 957 526 1006 requirentes,
551 968 669 994 unam
694 968 808 1006 opem
833 955 960 1005 aegris
983 954 1215 1005 corporibus
1238 955 1427 996 relictam,
1450 954 1483 992 si
1501 967 1576 1005 pax

142 1014 332 1064 veniaque
350 1013 397 1051 ab
416 1013 489 1051 diis
507 1013 703 1064 inpetrata
722 1017 837 1056 esset,
856 1012 1080 1050 credebant.
1114 1011 1241 1061 ipsum
1261 1022 1393 1061 regem
1411 1011 1573 1048 tradunt
1599 1021 1618 1052 8

143 1070 366 1108 volventem
389 1069 690 1108 commentarios
712 1069 875 1112 Numae,
898 1080 988 1106 eum
1019 1067 1071 1105 ihi
1101 1067 1293 1118 quaedam
1317 1067 1466 1106 occulta
1490 1068 1570 1105 sol-

141 1126 284 1165 lemnia
306 1126 493 1164 sacrificia
515 1126 594 1164 Iovi
616 1125 735 1164 Elicio
758 1125 856 1164 facta
878 1125 1106 1170 invenisset,
1131 1129 1338 1174 operatum
1368 1123 1414 1161 iis
1446 1123 1569 1162 saeris

142 1195 185 1220 se
216 1182 432 1228 abdidisse,
462 1183 528 1221 sed
561 1193 642 1221 non
671 1182 745 1220 rite
766 1182 909 1219 initum
933 1187 999 1219 aut
1021 1186 1202 1219 curatum
1224 1181 1262 1218 id
1287 1192 1442 1219 sacrum
1467 1192 1568 1225 esse,

141 1250 216 1278 nec
244 1240 372 1277 solum
402 1239 549 1278 nullam
581 1239 616 1277 ei
649 1238 818 1277 oblatam
840 1237 1065 1277 caelestium
1089 1237 1275 1288 speciem,
1299 1237 1369 1275 sed
1392 1237 1447 1275 ira
1469 1236 1569 1275 Iovis

140 1423 310 1464 gebracht,
329 1424 384 1456 die
397 1424 647 1464 gewo'hnlichen
657 1423 817 1456 Arbeiten

140 1469 338 1509 eingestellt
365 1469 512 1501 wurden.
572 1479 645 1501 voce
659 1490 683 1492 —
700 1472 814 1510 missa,

140 1515 346 1553 weil—war,
365 1515 431 1555 vgl.
452 1516 480 1551 2,
501 1515 533 1554 7,
552 1515 582 1552 2,
600 1517 728 1546 monitu
743 1520 817 1546 cnt—

139 1560 333 1600 sprechend.
353 1578 395 1582 —
411 1559 538 1602 publice
554 1571 593 1599 s.,
619 1560 678 1592 das
697 1560 816 1591 Prodi-

139 1604 229 1644 gium
247 1605 335 1636 wird
353 1605 405 1636 als
423 1605 475 1636 ein
495 1605 554 1635 den
574 1615 699 1646 ganzen
720 1605 816 1637 Staat

138 1648 362 1682 betreffendes
402 1651 562 1689 gesiihnt,
612 1653 815 1693 susceptum,

139 1705 166 1725 c.
194 1695 246 1733 26,
276 1697 331 1734 123
362 1696 416 1734 43,
441 1696 490 1735 13,
509 1696 548 1735 63
579 1695 701 1727 anders
732 1696 814 1726 kurz

136 1740 262 1771 vorher
280 1743 509 1782 susceperant.
523 1759 563 1762 —
580 1742 716 1783 lzarasp.
727 1751 812 1772 mon.

136 1785 203 1816 wie
233 1796 260 1816 c.
288 1787 340 1823 55,
367 1786 408 1824 63
440 1787 495 1824 56,
514 1787 544 1824 5,
564 1786 630 1825 vgl.
650 1798 676 1817 c.
700 1788 752 1826 3⁴,
773 1788 813 1825 93

137 1831 473 1868 sonstwerden,doch
483 1831 594 1862 erstin
611 1841 625 1862 s
637 1842 652 1872 p
664 1832 703 1862 {it
716 1841 786 1862 ere
798 1841 815 1862 r

136 1875 226 1915 Zeit,
262 1876 313 1907 die
343 1876 573 1907 etruscischen
603 1877 814 1918 haruspices,

135 1930 204 1952 s.c.
227 1921 278 1961 20,
308 1922 337 1959 7,
353 1931 395 1953 zu
421 1920 519 1953 Hiilfe
536 1921 688 1962 gei-Men,
716 1932 812 1952 wenn

136 1965 290 1998 Wunder
321 1977 361 1997 zu
394 1968 514 1998 deuten
550 1967 642 2006 sind,
684 1967 812 1998 welche

133 2010 218 2043 iiber
235 2011 290 2043 die
308 2009 495 2044 Henntniss
513 2012 573 2043 der
591 2013 729 2052 Augur-n
745 2012 810 2043 und

134 2057 309 2097 pontifices
324 2057 563 2097 hinausgehen,
579 2058 811 2099 Ma1-q.4‚363.

134 2120 177 2124 --
195 2101 370 2144 quandoq„
390 2103 656 2143 alterthiimlich,
675 2114 699 2135 s.
720 2103 810 2134 Fest.

134 2157 164 2188 p.
199 2149 282 2179 348:
316 2148 510 2190 quandoque
546 2152 664 2192 sarpta
695 2150 812 2188 erunt3

135 2192 228 2225 Curt.
249 2193 282 2235 7,
300 2194 353 2233 39,
373 2197 402 2225 9.

182 2238 275 2270 5--8,
316 2239 410 2272 haud
436 2240 486 2270 ita
512 2239 652 2270 braucht
685 2239 722 2270 L.
751 2237 810 2279 oft,

135 2282 252 2315 Cicero
272 2295 335 2316 non
354 2287 412 2316 ita.
430 2286 560 2326 —pigr
581 2284 665 2322 mil„
696 2286 727 2323 5,
757 2284 812 2324 48,

134 2328 172 2369 33
193 2329 245 2367 21,
272 2331 325 2371 56,
351 2331 382 2362 4.
401 2349 438 2352 —
461 2330 502 2360 ab
525 2340 627 2370 arm„
656 2340 682 2360 s.
708 2331 739 2370 7,
758 2329 812 2368 22,

134 2375 171 2407 6:
204 2375 245 2406 ab
279 2377 389 2408 armis
417 2377 527 2417 qm'es,·
565 2376 594 2413 2,
628 2375 683 2415 31,
722 2377 748 2407 1.
769 2393 812 2397 —

129 2420 252 2463 postia,
274 2421 452 2462 Epidemie,
475 2421 568 2452 nicht
587 2420 704 2451 immer
724 2419 812 2451 Pest.

133 2484 176 2488 —
193 2465 334 2507 sambra,
358 2476 384 2498 s.
410 2478 437 2498 c.
462 2468 516 2505 41,
545 2467 582 2501 ὃς
619 2467 667 2506 10,
688 2467 742 2505 25,
763 2466 812 2496 10.

133 2513 216 2553 spir.
247 2512 314 2552 illi,
343 2512 402 2543 der
426 2512 554 2550 stolze,
583 2510 693 2542 kiihne
720 2510 811 2550 Sinn,

133 2555 165 2597 2,
184 2558 237 2597 35,
257 2557 295 2596 83
314 2558 346 2599 4,
364 2558 406 2588 42
437 2559 467 2589 5.
486 2576 528 2580 -
546 2567 664 2599 magn.
683 2566 729 2599 p.,
747 2556 814 2587 alle

890 1423 955 1454 und
971 1423 1066 1464 jede,
1092 1433 1118 1454 s.
1139 1423 1171 1461 4,
1195 1423 1248 1461 30,
1273 1422 1312 1461 93
1337 1421 1391 1461 25,
1423 1423 1450 1462 1,
1475 1423 1506 1454 6.
1526 1439 1570 1446 —-

890 1471 1049 1510 θυμω-εὴ,
1067 1468 1343 1508 abergl'ziubische
1362 1466 1488 1499 Furcht
1505 1477 1569 1498 vor

890 1514 950 1544 deu
973 1513 1135 1549 Giitterm
1153 1513 1417 1554 religionibusq„
1436 1513 1489 1543 die
1508 1512 1569 1543 Be-

891 1557 1567 1598 obachtungreligioser(;eb1·;riuehe,die

889 1615 950 1635 aus
963 1605 1062 1643 ⁴jener
1081 1604 1205 1635 Furcht
1222 1604 1436 1642 hei-vorgeht.
1449 1605 1569 1633 —sta—

889 1653 962 1680 tum
989 1660 1031 1690 φη,
1065 1650 1127 1680 den
1164 1648 1429 1684 Gottesfrieden,
1464 1648 1570 1679 daher

884 1705 960 1736 pam
974 1696 1141 1735 veniaque,
1161 1694 1275 1725 Gnade
1290 1694 1354 1724 und
1370 1693 1569 1725 Erbarmen.

889 1742 943 1779 39,
978 1743 1028 1781 10,
1058 1741 1087 1771 5.
1113 1758 1155 1761 ——
1179 1740 1456 1779 commentat-los,
1487 1749 1512 1769 s.
1540 1748 1568 1769 e.

889 1784 943 1823 32,
968 1785 997 1816 2.
1026 1803 1068 1806 -
1092 1785 1268 1825 sacrificia
1292 1784 1396 1815 bildet
1421 1784 1480 1814 mit
1504 1783 1570 1814 sol-

890 1829 1015 1861 lemnia
1045 1829 1170 1861 einen
1204 1828 1345 1869 Begriff:
1381 1829 1433 1860 die
1464 1827 1562 1859 seier-

888 1875 995 1906 lichen
1036 1876 1140 1905 Bann-
1180 1876 1245 1906 und
1280 1873 1568 1912 Zauberformeln,

887 1920 992 1952 durch
1014 1920 1068 1951 die
1087 1920 1234 1961 luppiter
1255 1929 1460 1960 gezwungen
1480 1928 1569 1950 wer-

887 1966 948 1997 den
976 1965 1043 1996 soll
1061 1966 1168 1996 selbst
1192 1976 1233 1996 zu
1266 1965 1459 1996 erseheineu
1485 1964 1568 1995 oder

887 2016 983 2042 sonst
1002 2011 1089 2041 kund
1108 2021 1148 2041 zu
1167 2012 1261 2050 thuu,
1286 2010 1351 2041 wie
1376 2020 1413 2041 er
1431 2020 1472 2040 zu
1490 2010 1569 2040 siih-

888 2067 963 2095 nen,
980 2057 1034 2088 die
1051 2054 1239 2087 Hrankhcit
1252 2067 1293 2086 zu
1311 2054 1487 2087 entfernen
1506 2054 1567 2092 sei,

887 2112 951 2133 s.c.
971 2102 1071 2142 20,7;
1094 2101 1153 2132 Dio
1167 2100 1229 2141 frg.
1252 2102 1321 2137 7,5.
1339 2120 1379 2123 -
1393 2102 1568 2143 operatam

887 2147 932 2178 ist
956 2146 1192 2188 Partieipium,
1217 2146 1481 2185 „besehfiftigt“,
1508 2155 1568 2176 na-

887 2193 1047 2224 mentlich
1072 2192 1134 2222 mit
1152 2191 1289 2232 Opfern,
1318 2191 1429 2222 wot'iir
1447 2201 1481 2222 es
1508 2190 1568 2220 der

886 2238 1080 2269 technische
1100 2237 1278 2268 Ausdruck
1303 2237 1366 2275 ist,
1394 2247 1419 2267 s.
1444 2237 1494 2275 10,
1512 2234 1566 2273 39,

887 2284 905 2314 2
928 2294 957 2313 u.
978 2293 1019 2323 a.,
1043 2282 1152 2313 nicht:
1175 2282 1256 2313 nach
1278 2283 1337 2313 der
1354 2281 1566 2319 Vollendung

886 2329 1076 2367 derselbeu,
1096 2327 1134 2358 da
1155 2329 1290 2370 operari
1307 2327 1480 2358 bedeutct:
1510 2326 1564 2357 ein

886 2373 994 2406 &Vcrk
1014 2384 1054 2403 zu
1072 2373 1205 2404 treiben
1227 2374 1407 2412 beginuen,
1434 2371 1507 2402 sich
1532 2370 1564 2401 in

886 2418 1082 2459 Thiitigkeit
1097 2424 1229 2456 setzen3
1250 2418 1318 2457 vgl.
1336 2419 1367 2457 4,
1384 2419 1438 2456 60,
1455 2416 1490 2454 2;
1512 2416 1564 2454 21,

887 2465 941 2505 62,
960 2465 998 2503 63
1028 2465 1156 2504 sacris,
1177 2463 1287 2494 Dativ.
1317 2480 1360 2484 —
1392 2460 1525 2493 nullam,
1542 2477 1563 2481 -

886 2520 986 2553 spec„
1000 2519 1028 2540 c.
1044 2511 1097 2548 55,
1112 2511 1145 2549 6,
1162 2509 1221 2539 der
1235 2508 1329 2548 Gott,
1343 2507 1402 2538 der
1417 2507 1563 2545 gehannt

888 2555 1023 2587 werden
1047 2555 1167 2595 sollte,
1196 2554 1352 2585 erschien
1379 2552 1468 2583 nicht
1494 2549 1561 2581 und

1210 2609 1275 2643 10*
