1698 2864
569 122 696 156 LIBER
712 122 736 155 Ι.
786 122 880 156 CAP.
899 125 952 156 56.
972 125 1026 156 57.
1416 122 1498 163 209

88 141 110 160 a.
127 132 179 159 Ch.
198 135 348 160 534-510.

82 227 186 278 quod
205 238 248 264 ea
265 225 486 264 communis
500 230 623 264 mater
641 225 820 264 omnium
836 224 1061 266 mortalium
1079 232 1193 266 esset.
1215 227 1388 266 reditum
1405 226 1498 265 inde

81 283 260 327 Romam,
282 281 347 320 ubi
369 281 556 321 adversus
575 281 743 320 Rutulos
765 281 910 320 bellum
933 294 1088 321 summa
1111 282 1146 320 vi
1167 283 1391 334 parabatur.

192 338 359 377 Ardeam
381 337 517 376 Rutuli
536 337 745 384 habebant,
767 350 864 388 gens
886 342 928 376 ut
950 338 990 376 in
1013 351 1057 376 ea
1074 339 1234 389 regione
1256 345 1373 391 atque
1394 339 1436 378 in
1454 352 1497 378 ea
1521 350 1571 387 57

80 399 206 435 aetate
228 394 375 433 divitiis
397 394 658 445 praepollens.
700 406 822 445 eaque
843 394 928 445 ipsa
949 406 1062 433 causa
1084 395 1175 433 belli
1196 395 1280 438 fuit,
1305 396 1408 446 quod
1430 408 1500 434 rex

78 452 279 491 Romanus
309 463 398 490 cum
420 451 503 502 ipse
525 450 657 495 ditari,
696 450 910 490 exhaustus
932 451 1223 502 magnificentia
1245 451 1499 502 publicorum

79 520 259 559 operum,
281 512 366 546 tum
383 508 527 558 praeda
545 507 717 546 delenire
735 507 982 558 popularium
1001 507 1154 546 animos
1172 507 1368 554 studebat,
1386 520 1498 558 prae·
1527 520 1546 551 2

76 570 138 604 ter
164 563 276 603 aliam
299 564 523 615 superbiam
544 575 665 613 regno
687 563 856 603 infestos
880 563 1010 610 etiam,
1040 564 1147 615 quod
1169 577 1211 602 se
1234 564 1275 602 in
1299 563 1500 603 fabrorum

77 620 306 659 ministeriis
324 633 367 659 ac
390 620 520 659 servili
532 626 613 659 tam
632 620 698 659 diu
709 620 860 659 habitos
879 632 997 670 opere
1016 620 1063 659 ab
1074 620 1498 671 regeindignabantur.

76 682 266 728 temptata
290 689 353 715 res
375 683 447 722 cst,
469 677 500 716 si
523 677 652 728 primo
674 677 827 728 impetu
849 676 932 727 capi
955 676 1080 715 Ardea
1098 683 1245 727 posset.
1278 677 1345 715 ubi
1368 676 1406 714 id
1427 689 1498 728 pa·
1527 688 1545 719 3

75 746 164 773 rum
196 734 405 785 processit,
435 733 638 772 obsidione
661 732 1032 784 munitionibusque
1055 734 1182 785 coepti
1203 733 1329 784 premi
1350 733 1498 772 hostes.

74 791 118 829 in
139 790 200 829 his
223 790 384 836 stativis,
421 795 465 828 ut
487 790 528 828 fit
558 790 674 840 longo
706 789 829 840 magis
862 802 980 841 quam
1012 789 1091 829 acri
1112 790 1235 835 hello,
1273 790 1364 829 satis
1386 789 1498 829 liberi
1525 795 1546 826 4

75 852 319 886 commeatus
342 852 467 893 erant,
485 846 725 897 primoribus
741 852 875 885 tamen
892 846 1016 896 magis
1034 858 1153 897 quam
1172 846 1383 894 militibus,
1400 847 1499 897 regii
1525 854 1544 884 5

75 904 234 955 quidem
252 903 414 942 iuvenes
431 903 634 942 interdum
657 903 782 941 otium
800 902 987 941 conviviis
1005 902 1414 954 comisationibusque
1435 902 1497 941 in-

74 966 135 999 ter
158 973 198 999 se
219 959 413 998 terebant.
443 959 544 998 forte
565 959 792 1010 potantibus
814 959 876 997 his
895 959 995 1009 apud
1020 959 1108 997 Sex.
1138 958 1411 1010 Tarquinium,
1429 958 1498 997 ubi
1525 966 1545 997 6

74 1021 113 1055 et
135 1016 363 1055 Conlatinus
385 1015 548 1055 cenabat
568 1015 821 1066 Tarquinius,
845 1014 970 1066 Egerii
994 1015 1108 1061 filius,
1131 1015 1268 1054 incidit
1291 1016 1338 1054 de
1363 1015 1498 1054 uxori-

72 1073 145 1112 bus
168 1072 335 1112 mentio:
359 1084 470 1111 suam
493 1072 658 1124 quisque
681 1072 838 1110 laudare
860 1071 970 1110 miris
993 1071 1134 1110 modis.
1165 1072 1257 1110 inde
1279 1071 1496 1111 certamine
1527 1081 1545 1111 7

72 1141 237 1168 accenso
255 1129 484 1168 Conlatinus
503 1134 619 1179 negat
637 1128 766 1167 verbis
784 1140 882 1179 opus
901 1140 998 1173 esse,
1016 1128 1149 1179 paucis
1167 1128 1205 1166 id
1219 1128 1496 1180 quidemhoris

71 1198 187 1237 posse
209 1185 311 1235 sciri,
335 1191 527 1236 quantum
548 1185 686 1224 ceteris
708 1190 883 1236 praestet
904 1185 1085 1224 Lucretia
1108 1197 1192 1223 sua.
1226 1185 1363 1236 ‚,quin,
1384 1185 1417 1223 si
1438 1185 1497 1223 vi-

72 1254 143 1293 gor
162 1242 345 1281 iuventae
365 1241 479 1291 inest,
498 1241 801 1281 conscendimus
816 1254 937 1293 equos
960 1241 1245 1292 invisimusque
1266 1246 1498 1293 praesentes

72 1304 297 1339 nostrarum
324 1296 513 1349 ingenia?
533 1298 573 1337 id
595 1298 736 1350 cuique
759 1297 1092 1349 spectatissimum
1115 1298 1178 1345 sit,
1207 1298 1311 1349 quod
1334 1298 1498 1349 necopi-

117 1464 185 1503 57.
221 1471 295 1503 1-3.
321 1470 485 1511 Ardeam,
516 1472 590 1503 eine
619 1471 742 1503 bedeu-

70 1517 170 1548 tende
192 1517 290 1548 Stadt
314 1515 476 1556 Latiums,
505 1517 564 1549 hat
588 1516 660 1548 sich
683 1527 743 1548 au-

817 1476 874 1502 ten
903 1470 1010 1511 Hiigel
1040 1470 1195 1502 schiitzte
1224 1471 1274 1502 sie
1303 1479 1408 1511 gegen
1433 1469 1502 1501 Er-

819 1516 1004 1556 stiirmung,
1023 1515 1127 1547 daher
1145 1516 1197 1547 die
1216 1515 1497 1556 Einschlicssung

71 1561 168 1602 fangs
186 1562 260 1593 dem
279 1562 387 1593 Bunde
404 1562 463 1593 mit
476 1561 557 1594 Rom
574 1562 668 1594 nicht
685 1572 742 1593 an-

73 1607 305 1647 geschlossen,
332 1607 397 1638 wie
417 1605 526 1646 Gabii,
557 1607 626 1648 vgl.
651 1608 682 1645 4,
712 1608 741 1638 7.

72 1671 112 1675 —
133 1650 261 1692 Rutuli,
280 1662 307 1683 s.
326 1662 352 1682 c.
372 1652 401 1691 2,
422 1652 450 1683 1.
468 1670 511 1675 —
527 1654 573 1692 ut,
592 1663 618 1683 c.
642 1652 693 1691 18,
714 1652 742 1684 1.

73 1715 116 1720 —-
131 1698 278 1738 regione,
302 1697 393 1728 diese
417 1707 489 1728 war
507 1697 647 1739 sumpfig
662 1697 743 1729 oder

74 1742 211 1783 sandig:
246 1742 330 1774 doch
355 1742 485 1773 scheint
510 1742 620 1774 Ardea
646 1743 742 1774 einen

72 1783 178 1819 Hafen
196 1787 249 1818 hei
269 1788 317 1819 St.
336 1787 519 1819 Anastasio
537 1787 660 1827 gehabt
676 1788 743 1819 und

73 1832 179 1864 durch
202 1832 331 1865 Handel
361 1832 431 1864 sich
460 1833 656 1865 Reiehthum
692 1843 745 1864 er-

71 1878 208 1909 worben
222 1888 262 1909 zu
275 1878 394 1918 haben,
408 1878 461 1918 21,
473 1878 502 1917 7,
518 1879 742 1920 2.-praeter,

73 1924 283 1964 „abgesehen
298 1923 398 1963 von“,
413 1934 439 1954 s.
451 1923 483 1965 3,
494 1924 546 1963 70,
563 1925 602 1956 15
617 1935 647 1955 u.
663 1934 745 1955 a,—

72 1968 180 2000 aliam
197 1968 417 2011 proleptisch:
436 1969 469 2000 in
483 1969 746 2000 andererRiick-

73 2014 172 2052 sicht,
191 2019 304 2054 sonst,
330 2014 415 2045 auch
439 2014 499 2045 der
516 2014 550 2045 in
569 2014 662 2056 qaod
684 2014 746 2046 lie-

72 2059 178 2099 gende
195 2058 310 2090 Grund
328 2059 373 2090 ist
390 2059 495 2090 durch
512 2059 566 2091 die
584 2060 746 2102 superbia

72 2104 277 2135 veranlasst.
307 2123 350 2127 -—
377 2115 493 2146 reg-no,
521 2105 581 2136 der
599 2103 747 2145 Ho'nigs-

72 2148 276 2191 herrschaft,
293 2149 348 2181 die
366 2149 398 2180 in
417 2150 648 2192 Despotismus
666 2161 746 2182 aus-

74 2199 208 2235 geartet
233 2204 313 2226 war.
340 2195 496 2235 —-sabr.
522 2206 581 2233 m.,
600 2206 626 2227 s.
646 2207 686 2227 zu
716 2207 745 2227 c.

74 2240 129 2279 43,
147 2240 178 2271 4.
205 2258 247 2262 -
273 2250 357 2272 scr-v.
378 2250 485 2283 opere,
510 2252 537 2272 c.
553 2241 607 2279 56,
637 2242 671 2281 13
691 2242 746 2281 59,

74 2286 106 2316 9.
136 2303 179 2307 —-
207 2285 373 2327 te711pt.‘r.
393 2295 431 2323 c.‚
456 2287 496 2325 si,
526 2285 610 2317 kurz
641 2290 745 2318 statt:

74 2340 127 2361 um
145 2341 185 2361 zu
199 2331 311 2369 seben,
330 2331 382 2370 ob,
399 2330 465 2361 wie
484 2331 514 2371 2,
533 2331 585 2371 35,
605 2332 643 2369 43
668 2332 695 2371 1,
717 2332 745 2370 7,

74 2376 112 2414 6;
142 2375 194 2414 31,
215 2376 270 2417 45,
294 2376 312 2407 3
330 2387 362 2407 u.
381 2387 423 2417 o.,
440 2377 562 2407 anders
584 2377 635 2417 10,
657 2378 707 2417 16,
726 2377 746 2407 4

74 2423 234 2463 emper-tas
265 2432 351 2461 esse,
384 2423 429 2460 si,
448 2422 489 2452 39
502 2447 509 2461 ,
542 2423 601 2461 50,
636 2422 664 2453 7.
703 2440 745 2443 —

72 2467 184 2508 primo
220 2467 312 2509 imp„
353 2467 405 2497 die
441 2466 526 2499 feste
560 2467 649 2506 Lage
685 2467 745 2498 der

76 2511 173 2543 stadt
190 2510 250 2542 auf
264 2512 371 2543 einem
389 2512 641 2553 abschiissigcn,
661 2512 744 2544 nach

76 2555 179 2587 Ostcn
197 2556 301 2588 durch
317 2557 585 2589 zweiErde‘ille
602 2557 744 2598 gedeck-

136 2612 193 2648 ‚Tit
221 2612 281 2640 Liv.
301 2614 323 2639 Ῑ.
361 2617 385 2640 5.
405 2612 478 2639 Anfl.

817 1562 981 1602 (mamm).

863 1606 940 1639 4—8.
956 1608 1081 1648 statua,
1096 1607 1126 1646 7,
1147 1606 1199 1646 26,
1224 1608 1235 1639 1
1254 1618 1260 1637 :
1280 1616 1355 1637 cum
1374 1607 1495 1637 statio-

818 1652 920 1683 nibus
934 1653 1040 1693 quieti
1051 1655 1181 1694 tempus
1194 1654 1349 1683 tererent.
1366 1669 1407 1673 —
1422 1661 1494 1693 reg.

818 1698 897 1735 inv„
931 1697 985 1728 die
1018 1697 1233 1737 koniglichen
1263 1696 1419 1728 Prinzen.
1451 1714 1494 1718 —

816 1741 950 1784 quidem
969 1741 1064 1774 fiihrt
1079 1743 1133 1774 ein
1148 1741 1299 1784 Beispiel
1316 1752 1356 1773 an
1382 1742 1415 1773 in
1432 1741 1495 1773 Be-

817 1797 882 1827 zug
899 1786 959 1818 auf
979 1787 1033 1819 die
1054 1789 1230 1831 primores:
1262 1805 1305 1809 —
1334 1788 1424 1818 inter
1448 1797 1492 1827 se,

818 1834 886 1873 vgl.
918 1844 945 1864 c.
973 1834 1015 1865 56
1028 1859 1036 1873 ,
1071 1834 1125 1866 11;
1157 1832 1211 1863 die
1241 1831 1494 1872 gegenscitigen

817 1878 1063 1919 Einladungen.
1096 1896 1138 1901 —
1165 1879 1292 1920 potant.
1311 1878 1373 1908 lzz's.
1394 1877 1494 1916 kann,

820 1923 859 1954 da
885 1922 1032 1955 incidere
1050 1923 1134 1955 auch
1152 1923 1287 1954 absolut
1305 1922 1494 1963 gebraucht

818 1968 973 2009 wird‚30,
989 1970 1043 2009 23,
1064 1969 1101 1999 2:
1129 1966 1327 1999 consultatio
1351 1966 1496 1999 incidere

818 2024 885 2045 non
902 2017 1020 2055 posset,
1041 2014 1106 2045 abl.
1121 2014 1191 2044 abs.
1207 2013 1300 2050 sein3
1320 2012 1496 2052 dochliegt

820 2060 879 2091 der
898 2058 997 2091 Dativ
1016 2060 1129 2096 naher,
1154 2069 1179 2090 s.
1200 2059 1229 2098 2,
1250 2058 1304 2098 27,
1324 2059 1359 2089 5:
1385 2060 1494 2089 certa-

819 2115 893 2136 men
912 2105 1105 2137 consulibus
1119 2103 1291 2135 inciderat.
1308 2122 1350 2125 —
1363 2102 1495 2144 Egerii,

819 2160 845 2181 s.
876 2162 904 2181 c.
937 2150 992 2190 38,
1026 2153 1051 2183 1.
1087 2168 1128 2171 —
1163 2150 1263 2180 miris
1292 2147 1398 2187 mod„
1428 2148 1495 2180 wie

818 2195 946 2236 multis,
965 2196 1120 2226 omnibus
1137 2193 1256 2226 modis.
1281 2212 1324 2216 -—
1348 2193 1384 2224 id
1404 2193 1493 2234 quid.

819 2241 967 2272 bereitet
985 2243 1152 2282 quantum
1169 2244 1234 2271 etc.
1252 2249 1325 2270 vor.
1353 2257 1395 2260 ——
1413 2240 1492 2279 quin

819 2291 896 2325 etc,
912 2286 981 2327 vgl.
997 2286 1136 2324 c.13,3:
1154 2286 1255 2316 stete.
1270 2285 1347 2326 quin
1363 2284 1408 2315 ist
1425 2294 1495 2315 um-

818 2332 976 2371 gestellt3
1002 2342 1037 2363 es
1056 2330 1159 2362 findet
1176 2330 1247 2361 sich
1266 2330 1375 2361 selten
1395 2340 1431 2361 so
1450 2329 1494 2360 im

818 2376 1018 2409 Nachsatze.
1053 2394 1096 2398 —-
1128 2385 1208 2415 sua,
1244 2387 1271 2406 c.
1304 2375 1361 2415 16,
1394 2375 1423 2405 7.
1451 2392 1492 2395 -

819 2425 975 2461 nostrmn,
994 2422 1061 2453 wie
1078 2431 1162 2459 mea,
1179 2422 1304 2459 noster,
1322 2421 1388 2460 vgl.
1400 2430 1427 2450 c.
1439 2419 1493 2456 26,

819 2467 856 2498 4:
883 2467 1048 2499 Romana.
1078 2485 1121 2489 -—
1151 2465 1187 2497 id
1209 2467 1304 2506 cuiq„
1334 2477 1358 2497 s.
1385 2465 1416 2503 4,
1441 2464 1493 2502 58,

823 2512 878 2551 133
907 2513 961 2553 34,
981 2512 1036 2551 34,
1055 2512 1093 2550 73
1113 2511 1167 2550 35,
1189 2511 1239 2550 17,
1258 2514 1277 2541 9
1296 2521 1326 2542 u.
1345 2521 1392 2547 a.;
1420 2519 1492 2539 zum

821 2556 1002 2589 Gedanken
1022 2558 1161 2589 Terent.
1182 2556 1298 2587 Heaut.
1320 2556 1349 2593 2,
1381 2555 1411 2593 3,
1437 2554 1490 2584 40.

1240 2613 1283 2645 14
