1698 2864
123 231 149 250 a.
171 223 225 250 ch.
245 223 307 250 460.
626 209 752 242 LIBER
776 209 831 242 111.
873 209 966 242 CAP.
988 211 1039 243 19.
1477 212 1529 251 39

125 315 362 360 cordiarum,
383 314 523 352 iterum
548 324 593 351 ac
612 311 767 351 tertium
789 310 968 350 tribunos
990 311 1171 362 pessimis
1194 312 1338 352 artibus
1360 313 1460 363 regia
1481 313 1529 352 li-

125 372 246 411 centia
277 370 413 409 vivere.
460 369 634 417 „Aulus“
663 367 790 419 inquit
816 367 911 414 „ille
934 367 1148 417 Verginius,
1169 369 1258 418 quia
1279 369 1317 408 in
1339 369 1528 421 Capitolio

125 439 203 467 non
230 427 320 472 fuit,
343 425 472 464 minus
500 424 679 476 supplicii
709 436 824 475 quam
846 424 993 474 Appius
1015 423 1234 463 Herdonius
1256 424 1423 464 meruit?
1445 427 1531 477 plus

123 483 276 522 hercule
303 482 515 533 aliquanto,
544 481 608 531 qui
647 493 734 519 vere
761 493 843 518 rem
871 480 1074 518 aestimare
1101 480 1200 518 velit.
1249 480 1468 521 Herdonius
1499 483 1531 521 si

122 539 215 578 nihil
237 538 335 577 aliud
358 539 510 577 hostem
534 550 575 576 se
594 537 749 576 fatendo
774 549 898 587 prope
922 536 1170 582 denuntiavit,
1194 541 1236 574 ut
1251 549 1356 575 arma
1373 550 1531 588 capere-

122 595 191 641 tis3
214 595 276 634 hic
295 595 472 645 negando
495 594 594 632 bella
616 606 703 632 esse
725 605 831 632 arma
859 592 970 631 vobis
1003 593 1158 639 ademit,
1182 593 1387 644 nudosque
1410 595 1530 633 servis

122 652 259 690 vestris
287 657 324 690 et
351 651 526 690 exulibus
556 650 705 689 obiecit.
754 654 791 688 et
819 661 888 687 vos
916 672 973 676 ——
1003 648 1042 687 C.
1075 649 1207 688 Claudi
1238 662 1334 700 pace
1362 656 1399 689 et
1419 650 1530 689 Publi

123 708 247 747 Valeri
267 708 412 747 mortui
432 707 569 758 loquar
588 730 643 734 ——
664 705 774 757 prius
792 706 830 744 in
853 705 992 744 clivum
1014 705 1272 756 Capitolinum
1296 705 1404 756 signa
1422 708 1531 745 intu-

123 764 243 809 listis,
266 776 380 814 quam
403 764 476 802 hos
499 764 623 802 hostis
647 763 693 801 de
711 762 799 801 foro
823 760 1041 801 tolleretis?
1064 762 1184 812 pudet
1206 763 1369 801 deorum
1392 763 1530 801 homi-

122 832 304 871 numque.
363 833 451 859 cum
485 820 619 858 hostes
648 819 685 857 in
716 831 820 864 arce,
850 819 889 856 in
918 818 1105 869 Capitolio
1135 824 1283 865 essent,
1315 819 1468 858 exulum
1495 824 1532 858 et

123 888 324 915 servorum
356 877 433 915 dux
460 876 676 928 profanatis
712 875 893 913 omnibus
916 874 955 913 in
977 875 1069 913 cella
1090 875 1192 913 Iovis
1216 874 1353 925 optimi
1374 875 1530 914 maximi

123 932 333 978 habitaret,
372 932 530 972 Tusculi
567 937 655 971 ante
689 944 804 982 quam
840 931 987 969 Romae
1023 936 1179 981 sumpta
1216 936 1309 970 sunt
1335 943 1462 978 arma3
1492 932 1531 970 in
1561 954 1565 958 .

124 988 240 1028 dubio
261 989 352 1035 fuit,
379 994 511 1028 utrum
541 989 581 1026 L.
606 988 808 1034 Mamilius,
832 987 1076 1026 Tusculanus
1101 988 1199 1033 dux,
1222 1000 1269 1025 an
1292 988 1334 1026 P.
1357 987 1528 1027 Valerius

124 1050 161 1083 et
180 1044 222 1083 C.
246 1045 425 1083 Claudius
449 1044 628 1083 consules
650 1044 867 1082 Romanam
890 1055 1018 1081 arcem
1039 1043 1262 1088 liberarent3
1293 1048 1330 1082 et
1350 1044 1415 1094 qui
1443 1050 1532 1083 ante

119 1101 277 1139 Latinos
299 1112 348 1139 ne
370 1113 440 1151 pro
465 1113 506 1138 se
528 1100 681 1151 quidem
704 1100 813 1150 ipsis,
836 1111 924 1137 cum
945 1099 984 1137 in
1006 1099 1147 1138 finibus
1161 1099 1314 1138 hostem
1332 1099 1531 1147 haberent,

126 1157 310 1206 attingere
338 1169 445 1195 arma
473 1157 577 1208 passi
600 1168 757 1202 summ,
786 1167 909 1201 nunc,
930 1155 1004 1194 nisi
1026 1156 1150 1194 Latini
1172 1168 1240 1194 sua
1263 1161 1403 1206 sponte
1425 1169 1532 1196 arma

122 1213 396 1264 sumpsissent,
419 1214 518 1264 capti
540 1219 578 1252 et
599 1212 710 1251 deleti
733 1224 899 1251 eramus.
939 1212 1015 1250 hoc
1042 1218 1119 1257 est,
1146 1212 1316 1258 tribuni,
1348 1212 1531 1251 auxilium

121 1269 221 1320 plebi
241 1269 353 1315 ferre,
376 1270 565 1308 inermem
588 1281 671 1307 eam
692 1269 796 1307 hosti
816 1268 1081 1307 trucidandam
1106 1267 1291 1307 obicere?
1313 1269 1477 1315 scilicet,
1500 1269 1532 1308 si

122 1326 208 1376 quis
230 1325 339 1364 vobis
363 1326 603 1364 humillimus
626 1325 745 1363 homo
769 1325 815 1363 de
831 1329 953 1362 vestra
978 1324 1100 1375 plebe,
1124 1337 1238 1376 quam
1262 1330 1410 1375 partem
1427 1325 1534 1364 velut

121 1424 249 1456 'ahnlich
272 1423 293 1466 ξ
318 1424 354 1455 5:
378 1424 509 1456 deeora.
535 1441 580 1447 —
602 1426 698 1466 regia
726 1424 790 1463 lie„

121 1480 148 1500 s.
167 1468 204 1509 2,
229 1469 264 1507 3,
289 1468 320 1500 3.
337 1487 381 1492 ——
398 1471 456 1511 qui
475 1483 496 1495 =
519 1470 656 1510 siquis,
683 1469 790 1509 6,11‚

120 1515 158 1552 43
178 1514 244 1554 vgl.
263 1513 314 1555 30,
333 1513 390 1554 22,
404 1514 439 1544 3:
458 1516 489 1545 si
504 1516 576 1555 quis
594 1524 669 1546 vere
685 1516 790 1545 aesti-

864 1435 890 1455 s.
916 1435 943 1455 c.
970 1425 1004 1465 4,
1033 1424 1088 1461 1ος
1120 1424 1178 1462 11;
1201 1425 1321 1456 anders
1344 1434 1457 1456 waren
1482 1426 1532 1456 die

863 1469 1129 1509 Bestimmungen
1147 1470 1206 1500 der
1225 1470 1406 1501 Biindnisse
1424 1470 1455 1510 2,
1473 1469 1534 1502 33:

863 1514 918 1545 42.
947 1533 990 1536 -—
1018 1517 1086 1546 nisi
1112 1533 1132 1536 —
1161 1525 1315 1552 eramus,
1347 1515 1534 1555 ahgesehen

121 1562 205 1591 met:
225 1559 307 1589 iiber
325 1560 385 1589 den
401 1558 597 1599 Conjunctiv
612 1569 637 1590 s.
652 1559 681 1595 7,
700 1560 729 1597 4,
751 1558 789 1597 23

123 1604 181 1640 21,
202 1603 260 1642 5⁴3,
280 1604 316 1637 7:
337 1603 394 1636 25.
412 1604 470 1642 21,
490 1605 508 1634 5
524 1615 553 1635 u.
573 1614 620 1634 a.:
642 1602 689 1634 oft
707 1605 790 1635 wird

123 1649 182 1679 der
199 1649 264 1679 dat.
283 1649 399 1690 partic.
419 1659 526 1690 praes.
547 1659 583 1679 so
597 1649 790 1688 gebraucht,

123 1694 173 1733 34,
188 1693 242 1732 27,
263 1694 297 1724 1:
316 1704 391 1725 vere
404 1712 425 1715 —
437 1695 651 1725 aestimanti:
668 1693 720 1729 37,
736 1694 790 1731 58,

122 1738 140 1769 S
157 1748 189 1768 u.
207 1749 235 1769 a.
254 1756 298 1762 —
313 1740 345 1769 πί
359 1738 444 1770 m'ln‘l
466 1749 516 1778 a.‚
541 1737 599 1779 30,
623 1738 682 1777 35,
707 1738 742 1769 S:
761 1740 793 1769 si

119 1783 204 1814 nihil
217 1783 319 1821 aliud,
337 1783 530 1815 vulneribus
548 1786 637 1814 certe
644 1784 791 1824 serrum

120 1828 239 1859 hostile
256 1829 467 1860 hebetarent:
487 1828 552 1867 vgl.
573 1828 601 1869 2,
625 1829 678 1867 49,
697 1828 727 1859 9.
746 1847 790 1851 —-

121 1874 251 1905 hostem
268 1888 289 1899 =
304 1876 413 1904 tumen
430 1884 466 1905 eo
480 1873 569 1915 quod
581 1874 711 1905 hostem
727 1878 790 1905 etc.

121 1936 166 1941 —
181 1920 289 1950 servis
308 1929 347 1956 zu,
364 1918 505 1949 Rb'mern
520 1917 720 1959 enthmfene,
738 1919 790 1949 die

121 1963 188 1994 sich
207 1973 246 1994 an
262 1963 447 1995 Herdonius
461 1963 718 2003 augeschlossen
735 1964 791 1994 ha-

121 2008 200 2048 ben,
231 2009 311 2039 oder
334 2009 386 2039 die
411 2019 452 2039 zu
478 2008 577 2046 Rom,
607 2008 732 2040 welche
753 2019 790 2040 er

120 2052 290 2084 aufreizen
308 2053 434 2091 wollte,
453 2064 479 2085 s.
495 2064 522 2084 c.
544 2053 594 2092 15,
615 2054 645 2085 9.

168 2098 198 2129 7.
235 2099 295 2129 hos
327 2099 450 2138 hostis,
485 2099 634 2129 iihnliche
669 2097 791 2130 Uebel-

123 2142 242 2182 kliinge
267 2144 321 2174 hat
345 2143 381 2174 L.
404 2144 486 2174 auch
513 2148 607 2174 sonst
625 2144 713 2174 nicht
730 2144 790 2174 iul-

122 2197 193 2218 mer
211 2188 414 2227 vermieden,
441 2188 476 2226 2,
505 2188 560 2228 17,
585 2189 620 2219 4:
646 2199 682 2220 re
702 2188 790 2220 redi-

125 2235 213 2269 tmn;
232 2233 263 2273 4,
282 2232 311 2270 7,
331 2232 365 2263 3:
383 2234 611 2274 magistratus
629 2236 701 2265 eins
717 2236 789 2273 1'u33

123 2277 182 2317 23,
202 2278 238 2317 9,
260 2277 292 2308 l:
317 2277 448 2309 audivit
468 2278 613 2320 videtque
637 2289 669 2309 u.
691 2288 722 2309 a.
746 2297 791 2302 —

120 2322 226 2366 pudet
248 2322 278 2354 d.
296 2323 344 2363 lz.‚
376 2322 495 2354 Gotter
523 2324 587 2354 und
611 2323 789 2355 Menschen

124 2368 196 2407 (der
214 2367 370 2399 Gedanke
392 2378 431 2399 an
453 2367 490 2400 G.
511 2379 543 2399 u.
566 2367 624 2407 Μ.)
649 2378 789 2408 erregen

121 2413 185 2443 mir
202 2413 328 2452 Scham,
348 2413 397 2444 ich
416 2413 547 2444 semime
566 2413 647 2444 mich
665 2424 788 2444 vor.—

122 2457 212 2497 cella,
232 2458 291 2489 der
310 2458 497 2498 viereckige
516 2457 616 2489 Raum
634 2458 676 2489 im
693 2457 791 2490 Inne-

122 2513 181 2534 ren
210 2503 268 2534 des
296 2502 467 2545 Tempels,
496 2504 527 2534 in
557 2504 713 2534 welchem
738 2504 789 2535 die

123 2547 239 2579 Statue
257 2549 314 2579 des
335 2548 452 2580 Gottes
472 2549 570 2581 steht.

169 2593 198 2624 8.
224 2603 326 2635 nunc,
351 2604 378 2626 s.
397 2604 424 2625 c.
442 2593 499 2635 40,
528 2593 581 2634 10,
607 2594 695 2625 steht
720 2594 791 2625 hier

124 2640 201 2669 ante
230 2643 403 2679 entgegen.
432 2657 476 2662 —
499 2649 540 2670 ne
566 2649 628 2682 pro
658 2650 694 2670 se
717 2644 792 2678 etc.,

863 1560 988 1598 davon,
1013 1569 1108 1590 wenn
1134 1560 1191 1590 das
1217 1561 1305 1591 nicht
1325 1560 1535 1600 eingetreten

864 1605 972 1641 ware,
1003 1614 1039 1635 so
1068 1614 1181 1635 waren
1211 1606 1273 1636 wir
1301 1616 1332 1636 u.
1358 1615 1385 1637 s.
1410 1615 1470 1645 w.‚
1495 1605 1534 1637 Z.

909 1694 939 1725 9.
965 1695 1025 1725 Ιιοο
1048 1694 1092 1725 ist
1110 1693 1248 1734 Subject
1271 1695 1336 1726 und
1355 1695 1455 1726 durch
1476 1696 1533 1726 das

863 1739 1105 1779 nachgestellte
1123 1741 1285 1771 inermem
1298 1759 1320 1762 —
1334 1742 1465 1772 obicere
1482 1751 1536 1771 er-

863 1784 953 1815 kliirt
970 1798 991 1810 =
1008 1786 1171 1815 inermem
1187 1803 1209 1806 —
1228 1786 1372 1825 obicere,
1395 1785 1431 1816 id
1447 1785 1536 1827 qnod

864 1839 921 1860 ros
944 1830 1048 1870 agilis
1071 1840 1135 1861 non
1160 1833 1211 1860 est
1234 1830 1401 1861 amilium
1416 1831 1533 1872 serre,

865 1884 891 1904 s.
911 1884 937 1905 c.
959 1875 1017 1914 21,
1043 1875 1079 1911 ὃς
1104 1874 1235 1905 ἒίὴῃίἰςὴ
1254 1874 1319 1906 Cic.
1341 1875 1421 1906 Phil.
1440 1874 1477 1915 2,
1501 1876 1533 1915 4,

866 1919 898 1949 7:
917 1919 998 1960 quid
1020 1922 1070 1950 est
1085 1919 1178 1950 aliud
1194 1919 1309 1951 tollere
1326 1931 1343 1951 e
1363 1922 1430 1952 vita
1447 1922 1535 1952 vitae

862 1966 1074 2001 societatem,
1097 1964 1211 1996 tollere
1227 1966 1416 1997 amicorum
1434 1965 1535 1997 collo-

862 2011 940 2050 quia
958 2014 1021 2040 etc.
1038 2027 1082 2031 —
1099 2010 1227 2041 scilieet
1246 2008 1337 2041 fuhrt
1355 2011 1412 2041 mit
1430 2011 1533 2041 ironi-

862 2055 960 2085 seber
977 2054 1157 2095 VVendung
1174 2056 1268 2085 einen
1284 2054 1421 2086 Schluss
1439 2065 1457 2086 a
1474 2056 1534 2086 mi-

862 2109 943 2130 nore
967 2099 1006 2130 ad
1031 2099 1135 2130 maius
1160 2100 1231 2140 ein,
1256 2100 1314 2131 der
1335 2098 1383 2131 oft
1400 2110 1436 2132 so
1454 2110 1532 2131 aus-

864 2144 1026 2184 gedriickt
1043 2145 1137 2184 wird,
1158 2145 1233 2176 dass
1252 2145 1310 2176 der
1328 2145 1453 2185 logisch
1471 2156 1532 2176 un-

863 2190 1111 2229 tergewdnete,
1130 2190 1189 2221 den
1207 2189 1330 2231 Grund,
1348 2191 1399 2221 die
1415 2191 1532 2221 Bedin-

862 2245 959 2274 gung,
980 2235 1206 2275 Einr'aumung
1223 2236 1434 2267 enthaltende
1454 2235 1532 2266 Satz

862 2280 934 2310 dem
974 2279 1262 2319 iibergeordneten
1300 2281 1531 2320 grammatisch

861 2325 1108 2365 gleichgestellt
1137 2326 1238 2356 wird:
1269 2327 1421 2365 etiamsi,
1454 2327 1485 2356 .ςί
1511 2344 1533 2347 -

860 2371 1044 2413 putaretis,
1069 2373 1178 2401 tamen
1199 2370 1350 2413 Iuppiter
1368 2375 1432 2402 etc.
1466 2370 1531 2401 Das

863 2416 894 2446 in
925 2415 1038 2446 dieser
1066 2414 1290 2446 Schlussform
1325 2416 1532 2455 ungewo'bn—

861 2459 1429 2501 lichelmperf.Conj.(gew5hn1ich
1445 2460 1533 2490 steht

863 2505 922 2536 der
946 2504 1099 2541 Indicat.,
1126 2504 1173 2536 oft
1192 2506 1231 2536 iin
1251 2505 1452 2546 Hauptsatze
1471 2505 1528 2535 das

862 2549 1037 2587 Futurum)
1055 2551 1184 2582 scheint
1200 2551 1301 2581 durch
1322 2551 1379 2580 das
1397 2552 1472 2580 erat
1489 2550 1530 2580 im

863 2594 1305 2633 Schlusssatzeveranlasst,
1320 2594 1531 2625 driicktaber

862 2641 956 2671 einen
991 2640 1210 2680 allgemeinen
1246 2639 1424 2671 Gedanken
1458 2649 1528 2679 aus,
