1698 2864
142 780 161 811 5
191 770 330 808 virium
369 769 414 807 ad
449 773 656 806 certamen.

143 1005 161 1036 7
191 994 343 1033 vallum.

200 220 277 260 118

671 229 674 233 ¹
690 214 817 247 LIBER
833 213 887 247 111.
925 214 1019 247 CAP.
1038 215 1092 247 60.

1438 229 1464 247 a.
1485 230 1513 248 u.
1534 222 1598 249 305.

195 320 255 358 nis
290 318 546 368 hostibusque
575 320 704 363 erant,
733 328 874 366 magno
912 316 1142 355 detrimento
1179 321 1372 355 certamen
1406 319 1598 353 staturum

147 385 166 415 3
198 376 324 414 fuerit.
367 375 502 413 castris
525 374 626 412 mille
646 385 832 424 passuum
855 373 901 411 ab
923 373 1035 411 hoste
1056 373 1194 423 positis
1217 372 1348 423 copias
1367 371 1597 411 continebat.

144 441 153 450 ·
194 433 328 471 hostes
363 431 534 469 medium
569 431 667 468 inter
704 430 792 467 bina
825 434 949 467 castra
984 429 1151 479 spatium
1181 429 1259 467 acie
1287 428 1474 467 instructa
1504 439 1599 466 con-

192 488 367 539 plebant,
399 486 782 538 provocantibusque
820 485 864 523 ad
906 485 1095 535 proelium
1133 496 1369 534 responsum
1398 485 1597 522 Romanus

143 555 165 588 4
193 557 309 584 nemo
332 543 526 582 reddebat.
562 542 716 582 tandem
735 541 877 591 fatigati
895 541 1033 579 stando
1055 554 1098 579 ac
1114 542 1341 592 nequiquam
1361 540 1597 591 expectando

191 606 386 640 certamen
416 600 536 650 Aequi
567 598 790 648 Volscique,
822 603 1029 648 postquam
1059 602 1286 636 concessum
1312 597 1598 648 propemodum

191 658 238 696 de
258 657 417 696 victoria
440 656 667 699 credebant,
691 666 779 704 pars
802 653 841 692 in
865 654 1064 699 Hernicos,
1087 666 1175 704 pars
1198 654 1235 691 in
1258 653 1416 691 Latinos
1439 653 1599 703 praeda-

189 719 273 752 tum
308 714 461 751 abeunt.

515 710 742 761 relinquitur
777 710 897 760 magis
929 711 1064 748 castris
1094 710 1330 760 praesidium
1362 721 1475 759 quam
1505 708 1598 746 satis

714 767 816 816 quod
853 766 917 805 ubi
947 766 1085 805 consul
1116 767 1257 810 sensit,
1287 765 1412 804 reddit
1439 765 1600 803 inlatum

140 836 160 867 6
191 831 301 865 antea
329 830 518 863 terrorem
549 824 815 872 instructaque
844 823 922 860 acie
950 823 1051 861 ultro
1081 822 1233 860 hostem
1256 821 1422 860 lacessit.
1464 820 1528 859 ubi
1548 820 1600 859 illi

192 881 441 926 conscientia,
471 880 560 931 quid
599 880 751 918 abesset
785 879 943 925 virium,
972 879 1229 917 detractavere
1265 890 1453 928 pugnam,
1484 877 1602 916 crevit

190 938 381 988 extemplo
405 937 591 976 Romanis
615 936 780 981 animus,
804 940 842 973 et
863 948 933 986 pro
956 935 1062 974 victis
1085 934 1278 973 habebant
1298 939 1478 984 paventes
1501 933 1601 971 intra

399 1006 487 1032 cum
523 1005 595 1044 per
628 998 752 1030 totum
791 991 892 1029 diem
922 992 1123 1030 stetissent
1150 991 1286 1029 intenti
1317 990 1361 1029 ad
1392 996 1600 1036 certamen,

191 1050 298 1089 nocti
324 1062 489 1088 cessere.
536 1054 573 1087 et
598 1048 762 1087 Romani
793 1048 946 1098 quidem
978 1048 1080 1098 pleni
1103 1047 1184 1098 spei
1207 1059 1371 1097 corpora
1393 1046 1595 1093 curabant3

192 1107 488 1157 haudquaquam
520 1105 602 1156 pari
631 1105 765 1142 hostes
794 1104 923 1142 animo
954 1104 1111 1142 nuntios
1139 1105 1286 1154 passim
1309 1103 1448 1153 trepidi
1471 1102 1515 1140 ad
1538 1114 1600 1140 re-

191 1164 390 1202 vocandos
426 1162 675 1213 praedatores
705 1161 915 1199 dimittunt.
962 1160 1174 1199 recurritur
1203 1173 1247 1198 ex
1275 1159 1462 1209 proximis
1484 1158 1598 1205 locis3

144 1230 163 1262 8
192 1219 395 1258 ulteriores
423 1230 503 1256 non
532 1217 684 1256 inventi.
734 1217 799 1254 ubi
829 1217 982 1261 inluxit,
1015 1216 1205 1266 egreditur
1232 1217 1367 1254 castris
1387 1215 1598 1253 Romanus

191 1276 329 1314 vallum
367 1275 595 1318 invasurus,
623 1273 661 1311 ni
699 1273 808 1322 copia
838 1285 987 1323 pugnae
1014 1273 1132 1310 fieret.
1179 1277 1217 1310 et
1243 1277 1450 1323 postquam
1480 1271 1598 1309 multa

190 1332 266 1370 iam
291 1331 370 1369 dies
394 1336 496 1376 erat,
525 1342 648 1380 neque
670 1329 896 1367 movebatur
917 1330 1122 1380 quicquam
1145 1328 1190 1366 ab
1213 1328 1337 1373 hoste,
1360 1327 1466 1365 iubet
1487 1327 1600 1376 signa

189 1387 323 1426 inferri
352 1387 508 1433 consul,
536 1392 718 1436 motaque
749 1386 827 1424 acie
857 1386 1066 1436 indignatio
1096 1386 1250 1434 Aequos
1279 1389 1315 1422 et
1343 1383 1503 1422 Volscos
1537 1383 1599 1421 in-

191 1443 325 1487 cessit,
349 1444 381 1482 si
404 1443 567 1482 victores
589 1442 779 1480 exercitus
811 1442 947 1480 vallum
977 1441 1107 1492 potius
1138 1453 1254 1490 quam
1285 1440 1405 1478 virtus
1434 1445 1472 1478 et
1491 1452 1599 1478 arma

190 1505 376 1550 tegerent.
413 1500 527 1549 igitur
554 1504 591 1537 et
620 1498 693 1549 ipsi
721 1498 969 1548 efflagitatum
998 1498 1044 1536 ab
1074 1497 1235 1535 ducibus
1267 1496 1421 1546 signum
1450 1507 1601 1546 pugnae

142 1565 162 1596 9
191 1569 384 1607 accepere.
426 1555 580 1606 iamque
609 1566 698 1605 pars
720 1566 871 1605 egressa
894 1554 1017 1604 portis
1039 1558 1130 1597 erat,
1152 1553 1414 1602 deincepsque
1435 1551 1494 1590 alii
1517 1563 1600 1590 ser-

192 1613 332 1652 vabant
353 1612 528 1650 ordinem
551 1611 591 1649 in
612 1623 726 1649 suum
749 1611 914 1661 quisque
936 1610 1064 1649 locum
1083 1609 1375 1655 descendentes,
1397 1620 1484 1646 cum
1503 1620 1600 1646 con-

190 1735 327 1775 Feinde,
346 1735 548 1774 wenigstens
568 1734 626 1764 der
644 1733 787 1774 Aequer,
806 1743 860 1764 er-

190 1781 269 1811 hb'ht
301 1781 434 1810 worden
465 1779 547 1810 sein.
577 1796 620 1801 —
648 1778 860 1818 detrimento,

190 1836 216 1857 s.
235 1824 288 1865 23,
307 1824 358 1865 30,
378 1824 414 1855 2:
432 1824 538 1855 malta
555 1827 723 1865 sanguine
739 1833 777 1854 ac
792 1823 860 1855 vul—

188 1872 326 1902 neribus
356 1880 394 1901 ea
423 1869 545 1901 Poenis
574 1870 714 1900 victoria
743 1871 857 1907 stetit,

191 1915 244 1954 34,
263 1916 315 1956 50,
332 1914 362 1945 6.
380 1932 423 1937 —-
438 1915 770 1957 provocantibusque,
797 1914 859 1944 wie

190 1959 221 1999 2,
252 1960 305 1997 45,
335 1959 354 1990 3
380 1960 461 1990 wird
483 1969 669 2001 provocare
693 1960 721 1989 in
751 1959 860 1998 Bezug

190 2002 249 2035 auf
269 2005 330 2034 den
349 2002 469 2045 Hainpf
490 2004 660 2034 bisweilen
687 2005 770 2034 ohne
790 2004 858 2034 An-

190 2048 272 2089 gabe
291 2049 348 2079 des
368 2048 597 2090 persiinlicben
619 2048 776 2088 Objectes
800 2058 858 2087 ge-

190 2094 339 2125 braucht.
369 2111 412 2116 —-
441 2103 635 2125 concessum
664 2093 705 2124 de
732 2103 772 2134 v.,
801 2103 859 2123 zu-

191 2138 442 2177 riickgewicben
462 2148 538 2175 von,
557 2139 775 2177 eingmiiumt,
802 2137 855 2176 22,

192 2183 245 2223 12,
266 2183 301 2214 4:
324 2193 519 2214 concessum
543 2182 718 2225 propalam
736 2182 776 2213 de
792 2185 858 2213 vir-

191 2230 263 2260 tute
279 2238 370 2265 esse3
389 2228 419 2267 4,
439 2227 468 2264 6,
487 2226 523 2265 6ς
543 2227 574 2267 6,
593 2227 646 2266 42,
668 2227 718 2258 11.

236 2272 311 2303 6-9.
335 2274 549 2313 conscientia,
575 2273 640 2312 vgl.
665 2270 715 2311 28,
744 2271 794 2311 19,
821 2272 855 2302 5:

189 2319 402 2355 conscientia,
421 2317 501 2359 quid
518 2328 553 2348 se
567 2318 707 2348 meritos
721 2318 857 2348 seirent.

189 2380 234 2385 —
250 2365 343 2394 nocti
354 2373 394 2403 c.,
411 2363 474 2393 wie
493 2373 521 2393 c.
543 2363 593 2400 17,
618 2362 654 2392 9:
680 2362 727 2393 sie
752 2372 855 2401 zogen

192 2408 261 2439 sich
286 2418 347 2438 nur
371 2407 513 2447 zuriick,
544 2407 619 2438 weil
645 2407 694 2437 die
719 2406 759 2438 N.
785 2407 857 2437 ein-

191 2453 301 2484 brach.
319 2470 363 2475 —
382 2455 574 2491 invasurus,
597 2452 655 2483 mit
678 2453 749 2483 dem
773 2451 857 2483 Ent-

191 2498 358 2537 schlusse3
380 2498 442 2529 wie
461 2497 497 2529 L.
517 2498 605 2528 nicht
622 2497 727 2528 selten
747 2497 857 2528 dieses

190 2542 326 2582 Partim,
374 2543 583 2574 abweiehend
625 2552 688 2573 von
729 2541 857 2582 Cicero,

191 2588 340 2627 braucht,
355 2588 385 2627 9,
400 2587 452 2627 29,
466 2589 502 2619 4:
521 2590 714 2630 quietura&
735 2587 787 2626 22,
807 2587 856 2627 12,

191 2632 228 2664 2:
247 2634 495 2666 commissurus
514 2644 543 2665 u.
560 2643 590 2665 a.
607 2650 651 2656 —
667 2632 773 2665 multa
789 2634 858 2664 iam

934 1732 977 1772 d„
1002 1733 1051 1763 als
1070 1733 1169 1763 sehon
1194 1732 1244 1762 ein
1269 1741 1406 1771 grosser
1423 1730 1519 1762 Theil
1542 1731 1600 1762 des

935 1777 1044 1817 Tages
1075 1778 1124 1818 da,
1154 1787 1189 1808 es
1220 1778 1299 1807 hoch
1329 1786 1379 1807 am
1404 1775 1496 1815 Tage
1519 1785 1599 1813 war,

933 1824 999 1863 vgl.
1019 1823 1072 1861 27,
1092 1822 1122 1861 2,
1140 1822 1178 1860 93
1198 1822 1229 1862 5,
1254 1821 1306 1860 26,
1331 1820 1366 1851 6:
1389 1821 1496 1852 multa
1511 1830 1599 1859 noa-3

933 1867 1028 1899 Caes.
1058 1868 1090 1898 Β.
1124 1866 1163 1898 G.
1198 1866 1225 1905 1,
1259 1866 1312 1905 22,
1341 1866 1378 1897 4:
1408 1865 1516 1897 multa.
1538 1865 1601 1897 lua:

933 1912 1025 1944 Curt.
1045 1912 1077 1950 4,
1102 1911 1155 1950 49,
1179 1911 1233 1942 21.
1256 1928 1301 1934 —-
1321 1910 1452 1952 indign.
1470 1929 1492 1932 —
1508 1912 1547 1949 si,
1571 1910 1601 1950 4,

933 1956 964 1997 6,
999 1957 1055 1995 10;
1086 1955 1116 1994 2,
1147 1955 1201 1996 28,
1231 1955 1249 1986 2
1279 1966 1310 1986 u.
1335 1965 1365 1986 a.
1388 1973 1431 1978 —
1455 1958 1600 1987 victores

931 2001 1054 2032 konnte
1071 2011 1133 2031 nur
1150 2011 1211 2032 von
1232 2001 1293 2031 den
1312 2000 1464 2042 Aequern
1484 2004 1601 2040 gesagt

932 2047 1077 2077 werden.
1102 2064 1144 2068 —
1168 2046 1334 2088 deinceps,
1364 2046 1437 2076 eine
1463 2046 1601 2076 Abtbei-

932 2091 1010 2131 lung
1039 2091 1208 2132 (Manipel)
1239 2091 1319 2121 nach
1349 2091 1408 2121 der
1441 2091 1598 2121 anderen.

930 2154 973 2159 —
989 2136 1095 2167 ordin.
1110 2147 1197 2168 serr.
1214 2136 1244 2166 in
1260 2136 1473 2176 geordnetem
1489 2135 1598 2175 Zuge3

930 2182 1144 2212 verschieden
1188 2182 1232 2212 ist
1271 2180 1406 2212 ordines
1451 2191 1599 2220 servare,

930 2236 999 2257 was
1018 2231 1089 2257 erst
1108 2227 1272 2257 eintreten
1299 2226 1400 2264 kann,
1426 2235 1520 2256 wenn
1545 2226 1598 2256 die

930 2271 1176 2302 Selilaclitreihe
1195 2271 1276 2302 oder
1292 2271 1351 2302 der
1368 2270 1440 2311 Zug
1455 2268 1514 2301 auf
1527 2271 1599 2301 dem

931 2316 1082 2347 Marsche
1116 2318 1213 2348 sebon
1248 2316 1409 2356 geordnet
1441 2316 1501 2353 ist,
1534 2316 1598 2346 wie

930 2363 971 2392 im
990 2362 1179 2402 Folgenden
1205 2361 1384 2404 explicatis
1409 2360 1596 2392 ordinibus.

930 2407 1131 2438 Scbwerlich
1156 2407 1211 2437 bat
1228 2406 1265 2437 L.
1288 2417 1326 2438 an
1352 2406 1403 2437 die
1427 2405 1598 2447 phalangi-

930 2452 1034 2483 tische
1053 2450 1266 2491 Aufstellung
1283 2452 1433 2491 gedacbt,
1452 2461 1478 2482 s.
1498 2461 1524 2481 c.
1542 2450 1595 2488 61,

931 2497 967 2535 93
994 2497 1047 2536 63,
1071 2497 1102 2528 2.
1127 2515 1169 2519 -
1192 2496 1439 2535 descendentes,
1469 2495 1532 2526 wie
1562 2497 1597 2526 in

929 2544 1033 2573 aciem
1050 2541 1265 2579 descendere3
1284 2542 1346 2572 wir
1363 2541 1497 2571 wiirden
1517 2541 1598 2571 eber

929 2590 1104 2619 servantes
1120 2605 1143 2610 -
1160 2586 1404 2619 descendebant
1416 2590 1596 2626 erwarten‚

929 2633 977 2664 sie
1010 2632 1149 2664 riickten
1178 2633 1211 2664 in
1241 2632 1300 2663 der
1328 2631 1486 2671 Ordnuug
1514 2631 1595 2662 nach
