1698 2864
568 191 697 226 LIBER
720 191 761 226 V.
811 191 904 224 CAP.
924 191 978 224 39.
995 191 1047 223 40.
1427 189 1505 229 341

102 212 131 231 a.
153 204 207 231 Ch.
227 203 288 229 390.

102 297 149 336 de
170 295 282 348 plebe
298 295 503 335 multitudo
520 295 650 342 ferret,
672 307 787 334 senes
803 293 1059 345 triumphales
1076 293 1379 344 consularesque
1396 291 1511 331 simul

103 366 145 392 se
173 365 262 392 cum
291 352 364 391 illis
395 352 520 403 palam
543 352 669 391 dicere
691 351 885 398 obituros,
914 362 986 389 nec
1006 350 1066 389 his
1088 349 1339 403 corporibus,
1369 348 1509 400 quibus

101 420 184 448 non
204 421 310 448 arma
330 409 451 457 ferre,
471 420 553 447 non
573 408 671 447 tueri
693 407 856 459 patriam
879 411 1063 458 possent,
1086 412 1315 446 oneraturos
1337 405 1510 456 inopiam

104 470 356 505 armatorum.

216 521 318 560 Haec
338 521 439 560 inter
459 520 637 559 seniores
659 519 777 559 morti
800 519 1015 558 destinatos
1037 519 1172 557 iactata
1194 518 1344 558 solacia.
1381 529 1512 556 versae
1541 515 1596 554 40

102 577 193 618 inde
215 578 503 617 adhortationes
525 577 571 616 ad
593 588 730 628 agmen
752 575 945 623 iuvenum,
967 587 1064 626 quos
1086 575 1127 613 in
1149 575 1378 625 Capitolium
1401 578 1514 624 atque

103 635 143 674 in
171 646 298 674 arcem
327 633 684 685 prosequebantur,
717 632 1035 671 commendantes
1063 631 1193 670 virtuti
1222 643 1358 669 eorum
1380 631 1515 669 iuven—

104 697 241 742 taeque
271 690 398 737 urbis,
431 702 500 741 per
527 694 724 728 trecentos
752 689 945 739 sexaginta
975 700 1100 727 annos
1123 687 1306 726 omnibus
1327 686 1434 725 bellis
1456 685 1513 723 vi-

107 747 253 793 ctricis,
290 758 556 797 quaecumque
584 746 730 796 reliqua
757 749 859 784 esset
886 745 1057 783 fortuna.
1107 743 1421 794 digredientibus,
1451 742 1514 793 qui

105 815 217 854 spem
240 815 396 842 omnem
419 808 532 854 atque
555 815 667 853 opem
692 814 821 840 secum
844 801 1028 847 ferebant,
1051 800 1096 839 ab
1115 800 1188 846 his,
1216 800 1281 851 qui
1297 805 1428 851 captae
1446 810 1513 837 ur—

106 860 167 899 bis
203 871 284 898 non
321 871 527 911 superesse
557 863 771 898 statuerant
798 857 932 905 exitio,
971 870 1057 896 cum
1086 857 1170 908 ipsa
1198 869 1260 895 res
1290 855 1515 907 speciesque

106 915 339 955 miserabilis
361 920 455 962 erat,
476 920 558 954 tum
580 914 779 953 muliebris
800 914 913 953 fletus
935 919 971 952 et
992 913 1233 952 concursatio
1252 913 1396 951 incerta
1412 923 1517 950 nunc

105 973 181 1012 hos
202 984 307 1011 nunc
327 972 414 1011 illos
437 971 682 1022 sequentium
704 971 1030 1020 rogitantiumque
1050 970 1154 1008 viros
1170 974 1374 1019 natosque,
1399 968 1459 1007 cui
1476 980 1517 1006 se

104 1029 183 1068 fato
222 1029 369 1076 darent,
406 1028 512 1073 nihil,
542 1028 646 1077 quod
668 1027 826 1065 humani
854 1031 1079 1076 superesset
1108 1025 1209 1071 mali,
1238 1024 1517 1075 relinquebant.

107 1097 247 1135 magna
282 1096 372 1136 pars
403 1089 532 1122 tamen
560 1095 691 1122 earum
721 1082 761 1120 in
792 1094 919 1121 arcem
949 1094 1042 1120 suos
1075 1086 1300 1132 persecutae
1331 1085 1423 1119 sunt
1449 1092 1519 1118 nec

107 1141 337 1193 prohibente
364 1140 440 1178 ullo
468 1152 540 1178 nec
566 1144 748 1185 vocante,
779 1138 866 1189 quia
888 1138 991 1189 quod
1014 1138 1102 1177 utile
1125 1137 1298 1176 obsessis
1320 1137 1365 1175 ad
1388 1135 1513 1175 minu-

109 1198 248 1236 endam
282 1196 459 1235 inbellem
489 1195 796 1239 multitudinem,
834 1195 870 1233 id
899 1206 1036 1245 parum
1064 1194 1279 1233 humanum
1309 1197 1400 1232 erat.
1449 1192 1517 1231 alia

108 1254 277 1293 maxime
305 1252 428 1304 plebis
456 1252 589 1299 turba,
623 1264 736 1302 quam
764 1263 836 1289 nec
864 1263 999 1302 capere
1025 1255 1104 1289 tam
1132 1251 1291 1300 exiguus
1321 1249 1427 1289 collis
1449 1260 1521 1287 nec

109 1310 208 1350 alere
230 1310 269 1348 in
286 1314 390 1348 tanta
408 1309 538 1359 inopia
554 1307 738 1347 frumenti
755 1311 917 1358 poterat,
941 1320 985 1345 ex
1002 1306 1097 1345 urbe
1113 1307 1233 1345 effusa
1250 1306 1351 1345 velut
1368 1306 1520 1356 agmine

109 1367 185 1406 iam
207 1378 286 1405 uno
308 1365 417 1417 petiit
432 1364 655 1404 Ianiculum.
691 1364 781 1403 inde
798 1376 889 1415 pars
908 1376 977 1414 per
993 1375 1107 1413 agros
1126 1363 1275 1414 dilapsi,
1296 1374 1387 1414 pars
1403 1361 1519 1400 urbes

109 1490 262 1522 trachten
280 1489 332 1520 die
350 1487 473 1520 Worte
496 1487 547 1518 als
565 1486 778 1528 Asyndeton:

109 1535 161 1567 die
180 1534 294 1574 iibrige
312 1533 442 1574 Menge,
460 1543 488 1564 c.
504 1532 556 1571 40,
575 1532 606 1563 5.
624 1549 668 1554 -—
684 1533 780 1573 utiq„

854 1485 902 1518 oft
920 1487 950 1517 in
970 1487 1028 1517 der
1046 1491 1159 1517 ersten
1178 1486 1309 1517 Decade
1328 1484 1521 1525 gebraucht,

854 1542 879 1563 s.
906 1531 936 1570 3,
961 1531 1014 1570 26,
1039 1531 1076 1571 93
1106 1531 1147 1563 ib.
1172 1530 1226 1570 39,
1250 1531 1287 1568 93
1319 1530 1373 1570 52,
1399 1530 1435 1568 43
1467 1529 1520 1570 61,

106 1581 205 1621 jedes
241 1579 352 1619 Falls,
401 1588 471 1609 was
510 1578 592 1608 auch
628 1576 778 1608 kommen
856 1576 895 1608 13
929 1587 960 1608 u.
995 1587 1024 1608 a.
1058 1595 1101 1598 —
1134 1578 1242 1617 viros,
1277 1575 1328 1606 die
1363 1574 1521 1606 militaris

109 1627 162 1658 mli
189 1635 217 1664 e,
236 1636 266 1656 n.
287 1624 388 1655 durch
407 1623 465 1654 das
484 1622 593 1654 Alter.
851 1624 1009 1654 iuventus
1027 1631 1054 1653 c.
1074 1620 1126 1662 39,
1148 1620 1197 1652 12.
1217 1621 1364 1662 —sato,
1384 1619 1521 1661 2‚40,9‚

185 1665 227 1702 Ο.
263 1670 292 1700 1.
329 1671 363 1700 in
397 1668 474 1710 Cap.
501 1670 601 1709 atque
628 1668 662 1698 in
690 1676 779 1705 arce,
852 1667 921 1707 vgl.
951 1666 983 1705 3,
1016 1666 1069 1707 52,
1098 1666 1129 1697 4.
1159 1684 1203 1688 —
1232 1666 1375 1698 humani
1403 1675 1460 1702 m.‚
1492 1675 1519 1695 s.

111 1716 183 1747 hier
206 1715 278 1746 sind
303 1714 398 1745 beide
422 1713 537 1744 Ho'hen
568 1712 779 1752 geschicden,
854 1711 987 1743 Cornel.
1013 1711 1173 1743 Themist.
1201 1711 1231 1750 7,
1255 1710 1285 1741 2.
1310 1728 1354 1734 —
1383 1710 1520 1751 reliuq.:

111 1771 139 1792 c.
159 1760 213 1800 39,
235 1759 287 1790 12.
305 1777 349 1782 —-
375 1761 542 1790 trecentos
561 1769 602 1797 s.,
628 1767 655 1788 c.
674 1756 727 1795 54,
746 1757 776 1787 5.

110 1806 326 1847 -Ῐονίιιηα,
346 1814 372 1835 s.
392 1803 424 1843 6,
443 1802 495 1843 30,
514 1802 544 1841 6,
570 1803 626 1833 hat
644 1802 711 1832 sich
737 1811 776 1832 an

111 1851 173 1882 den
197 1850 358 1880 niichsten
384 1848 463 1879 Satz
494 1847 558 1878 und
589 1848 647 1878 das
670 1845 778 1877 Relat.

110 1894 388 1935 angeschlossen,
424 1894 513 1924 nicht
541 1902 581 1923 an
612 1902 780 1923 commen-

112 1940 242 1979 dantes,
268 1939 322 1979 21,
346 1938 401 1978 29,
425 1938 461 1968 ss:
485 1948 526 1969 αη
551 1948 626 1969 cum
645 1948 694 1977 eo,
725 1938 782 1978 qai

111 1986 247 2029 primus
285 1995 321 2016 se
354 1983 571 2015 obtulisset-
595 1983 778 2021 eoeercitus,

112 2040 235 2061 manus
264 2031 473 2067 consereret,
505 2027 558 2065 31,
585 2027 637 2068 22,
657 2026 694 2059 6:
725 2026 780 2066 40,

113 2075 167 2116 20,
186 2074 217 2107 3.
235 2092 278 2096 --
295 2076 450 2105 iuventae
468 2083 495 2104 e.
512 2071 542 2114 2,
563 2072 614 2103 13.

159 2118 258 2150 2—3.
293 2129 386 2161 spem
411 2137 434 2140 —
459 2128 573 2159 opem3
608 2118 649 2148 im
682 2116 778 2155 Folg.

113 2175 170 2197 res
187 2166 326 2205 species,
352 2163 381 2201 2,
400 2162 453 2203 29,
473 2162 504 2193 9.
536 2180 580 2184 -
614 2165 684 2193 tum
703 2166 780 2201 etc.,

113 2210 172 2241 das
192 2208 403 2248 Wehklagen
430 2207 558 2238 machte
583 2207 634 2238 die
653 2217 692 2238 an
712 2207 780 2237 sich

113 2255 214 2286 sehon
230 2254 378 2294 traurige
393 2252 481 2292 Lage
498 2253 579 2282 noch
595 2252 780 2291 trauriger3

114 2300 166 2331 die
184 2299 384 2339 Steigerung
401 2298 483 2337 liegt
501 2297 530 2327 in
549 2297 666 2328 m'lzc'l—
678 2296 780 2328 relin-

115 2346 276 2386 quebant,
307 2348 403 2375 sonst
430 2343 553 2374 ko'nnte
584 2352 619 2373 es
649 2342 780 2372 heissen

114 2394 187 2422 tum
203 2387 641 2430 miserabiliorsactafletu
660 2391 723 2417 etc.
738 2404 782 2409 —

116 2436 344 2474 concursatio,
371 2444 397 2465 s.
417 2434 447 2473 4,
463 2433 493 2472 6,
509 2433 541 2464 9.
571 2450 614 2454 -
642 2442 782 2473 sequen-

117 2482 218 2518 tium,
243 2480 344 2510 durch
370 2479 501 2520 synesis
529 2475 589 2508 auf
608 2477 782 2508 muliebris

116 2525 275 2564 bezogen,
295 2534 321 2555 s.
342 2523 480 2563 2,53,l:
513 2522 641 2555 Veiens
665 2522 784 2553 bellum

115 2589 138 2592 —
155 2572 221 2611 qui,
240 2569 307 2609 vgl.
326 2569 353 2607 1,
368 2568 423 2607 41,
445 2568 480 2605 1;
500 2567 661 2607 26,35,7;
680 2567 710 2605 4,
729 2566 782 2604 33,

119 2614 171 2647 10.
182 2633 223 2638 -
236 2615 411 2656 rog-itant„
424 2612 588 2645 ‹laswort
601 2612 703 2643 findet
717 2612 784 2643 sich

853 1758 901 1789 sie
917 1754 1129 1798 ersch'opften
1144 1755 1396 1794 Alles31iessen
1413 1755 1521 1786 nichts

851 1802 958 1842 iibrig,
977 1811 1045 1832 was
1064 1802 1145 1832 noch
1162 1801 1254 1832 hiitte
1269 1799 1519 1831 hinzukommen

854 1847 980 1878 kiinnen
993 1871 1001 1885 ‚
1032 1845 1098 1886 vgl.
1130 1846 1295 1888 reliquum
1315 1846 1443 1887 facere
1465 1844 1519 1885 22,

854 1893 907 1931 55,
927 1893 957 1924 5.

898 1937 997 1967 4-5.
1022 1939 1221 1979 persecutae
1245 1935 1439 1966 bezeichnet
1463 1935 1520 1966 das

852 1981 979 2022 Folgen
1005 1981 1052 2012 bis
1077 1991 1117 2012 an
1142 1982 1199 2012 das
1218 1980 1307 2020 Ziel,
1338 1980 1392 2020 25,
1413 1979 1464 2018 10,
1484 1980 1521 2011 7:

853 2028 910 2069 qm·
926 2026 1099 2059 Romanos
1115 2045 1138 2049 —
1158 2028 1192 2057 in
1215 2036 1329 2058 arcem
1351 2027 1526 2068 persecute*

853 2075 952 2109 .s·unt;
988 2073 1041 2109 45,
1073 2071 1104 2110 6,
1130 2072 1159 2103 7.
1193 2090 1236 2094 —
1268 2070 1335 2102 ullo
1367 2070 1523 2101 substan-

852 2117 984 2157 tivisch,
1004 2117 1065 2147 wie
1082 2116 1288 2156 gewiihnlich
1308 2115 1359 2146 bei
1378 2114 1426 2155 L.,
1446 2125 1471 2147 s.
1491 2114 1522 2155 3,

855 2162 907 2202 57,
927 2162 963 2202 6;
994 2161 1025 2201 8,
1050 2161 1102 2200 26,
1129 2161 1166 2200 7,
1197 2161 1228 2199 9,
1253 2160 1522 2197 34‚1u.a.—

852 2210 1014 2247 mazcime,
1029 2207 1234 2247 vorziiglich,
1250 2205 1521 2245 griisstentheils,

853 2253 908 2291 42,
927 2253 980 2291 55,
1002 2253 1060 2291 103
1080 2251 1133 2291 21,
1154 2251 1207 2290 46,
1227 2251 1256 2281 9.
1276 2268 1320 2272 -
1337 2249 1520 2292 alsa—ple-

854 2299 916 2337 bis,
940 2308 967 2328 S.
987 2307 1014 2329 e.
1034 2297 1087 2338 35,
1109 2297 1142 2335 1,
1172 2295 1394 2332 Proletarier,
1426 2293 1522 2325 Frei-

854 2343 1030 2383 gelassene
1047 2352 1078 2373 u.
1094 2351 1119 2371 s.
1135 2350 1188 2380 w.,
1213 2340 1338 2370 welche
1356 2340 1408 2370 die
1424 2338 1521 2370 Was-

854 2387 907 2419 fen
928 2388 1015 2418 nicht
1034 2385 1177 2424 fiihrten,
1203 2395 1228 2416 s.
1248 2395 1288 2414 zu
1308 2394 1335 2415 c..
1356 2384 1407 2423 37,
1426 2384 1462 2421 73
1490 2384 1518 2424 1,

854 2432 908 2471 43,
928 2432 965 2470 8;
991 2431 1028 2462 L.
1047 2430 1147 2461 denkt
1163 2440 1201 2460 an
1222 2429 1273 2460 dic
1294 2429 1390 2460 Plebs
1409 2429 1520 2460 seiner

856 2477 943 2509 Zeit.
961 2495 1004 2499 —
1022 2477 1180 2517 eoee'g‘zms,
1206 2475 1264 2505 der
1283 2473 1455 2515 Capitolin.
1476 2475 1520 2505 ist

856 2523 915 2553 der
945 2521 1086 2552 kleinste
1116 2521 1175 2550 der
1197 2519 1310 2550 sieben
1335 2519 1451 2558 Hiigel.
1476 2537 1520 2542 -

856 2569 925 2598 iam
942 2577 1025 2604 11710,
1049 2575 1085 2595 so
1104 2565 1205 2604 viele,
1232 2564 1307 2594 dass
1327 2564 1374 2595 sie
1394 2563 1518 2595 bereits

856 2613 952 2644 einen
971 2609 1354 2650 zusammenhiingenden
1368 2608 1441 2649 Zug
1456 2608 1519 2640 bil—

1548 1198 1566 1228 5

1549 1367 1568 1398 6
