1698 2864
48 346 102 384 42

136 243 190 283 84
406 268 408 271 ,
624 241 749 275 LIBER
774 242 826 275 111.
876 242 970 275 CAP.
995 243 1050 276 42.

1383 260 1409 279 a.
1431 261 1459 279 ιι.
1480 254 1542 279 305.

242 344 369 383 Nihilo
398 344 554 384 militiae
582 357 698 397 quam
730 344 836 385 domi
863 345 1000 384 melius
1021 358 1082 386 res
1105 347 1255 397 publica
1277 345 1542 386 administrata

79 411 87 420 ·
130 405 198 439 est.
240 400 301 440 illa
323 402 442 440 modo
464 402 501 440 in
525 402 688 441 ducibus
712 402 839 452 culpa,
861 403 964 452 quod
988 407 1031 441 ut
1052 403 1140 442 odio
1163 408 1295 443 essent
1316 403 1460 442 civibus
1482 405 1542 442 fe-

128 462 277 496 cerant:
308 458 377 496 alia
408 460 536 497 omnis
566 470 685 509 penes
708 458 848 496 milites
864 459 979 497 noxia
1001 464 1098 505 erat,
1123 460 1208 511 qui,
1240 472 1288 499 ne
1310 459 1401 510 quid
1424 460 1541 498 ductu

126 518 238 564 atque
266 514 442 565 auspicio
473 515 783 554 decemvirorum
806 526 994 566 prospere
1016 528 1178 566 usquam
1203 521 1416 567 gereretur,
1439 516 1540 555 vinci

80 576 99 608 3
132 582 172 609 se
194 583 261 621 per
290 584 404 610 suum
436 576 549 622 atque
580 571 734 609 illorum
763 570 928 609 dedecus
951 572 1204 622 patiebantur.
1243 572 1320 612 fusi
1341 577 1379 611 et
1398 572 1445 611 ab
1469 572 1540 611 Sa-

124 626 225 665 binis
246 628 456 666 adEretum
479 633 516 666 et
542 629 581 665 in
602 627 739 677 Algido
761 626 808 665 ab
821 627 961 679 Aequis
984 629 1170 667 exercitus
1194 634 1314 668 erant.
1356 628 1402 667 ab
1420 629 1536 667 Ereto

125 695 193 734 per
222 684 419 722 silentium
447 684 571 722 noctis
603 683 757 733 profugi
789 686 953 735 propius
975 685 1110 723 urbem
1133 685 1232 723 inter
1251 685 1418 723 Fidenas
1439 683 1541 723 Cru-

75 748 96 779 4
125 741 431 790 stumeriamque
452 740 537 778 loco
561 740 664 778 edito
689 745 815 778 castra
834 741 1157 787 communierant,
1179 740 1393 791 persecutis
1410 740 1536 779 hosti-

123 795 196 834 bus
226 808 416 846 nusquam
451 809 492 834 se
521 808 642 847 aequo
673 796 883 835 certamine
912 797 1199 836 committentes
1229 801 1365 835 natura
1394 796 1469 835 loci
1496 809 1540 835 ac

76 860 94 890 5
123 852 219 890 vallo
249 864 329 890 non
359 852 496 890 virtute
525 858 590 891 aut
618 853 735 891 armis
764 853 998 891 tutabantur.
1047 854 1171 892 maius
1199 853 1386 904 flagitium
1411 852 1450 891 in
1470 853 1540 891 Al-

123 908 230 958 gido,
258 909 383 947 maior
411 910 525 947 etiam
556 909 681 947 clades
708 914 881 960 accepta3
911 915 1034 964 castr-a
1064 922 1218 960 quoque
1246 909 1389 948 amissa
1417 915 1537 955 erant,

122 968 337 1015 exutusque
367 965 548 1003 omnibus
577 965 804 1004 utensilibus
830 966 938 1004 miles
963 966 1176 1005 Tusculum
1200 978 1260 1012 se,
1289 966 1364 1004 fide
1384 965 1540 1004 miseri-

124 1021 330 1071 cordiaque
353 1022 521 1060 victurus
545 1022 759 1073 hospitum,
781 1034 878 1072 quae
899 1029 1028 1061 tamen
1047 1034 1127 1060 non
1143 1022 1372 1068 fefellerunt,
1397 1026 1537 1060 contu·

76 1084 95 1114 (5
124 1077 230 1116 lerat.
273 1077 435 1116 Romam
458 1078 552 1117 tanti
581 1084 690 1117 erant
717 1084 888 1117 terrores
916 1079 1033 1124 allati,
1065 1084 1107 1117 ut
1134 1079 1262 1129 posito
1285 1078 1536 1117 iam‘decem-

124 1133 227 1172 virali
258 1134 347 1172 odio
378 1140 505 1184 patres
536 1135 680 1185 vigilias
708 1135 747 1173 in
777 1135 870 1174 urbe
897 1135 1094 1174 habendas
1131 1140 1354 1182 censerent,
1384 1146 1535 1181 omnes,

124 1190 187 1240 qui
220 1202 288 1240 per
314 1195 474 1229 aetatem
505 1204 611 1230 arma
640 1192 741 1230 ferre
777 1197 957 1241 possent,
988 1191 1184 1230 custodire
1211 1191 1363 1230 moenia
1392 1203 1435 1229 ac
1464 1202 1534 1241 pro

76 1254 93 1285 7
125 1246 248 1297 portis
272 1248 460 1286 stationes
490 1260 600 1298 agere
627 1247 822 1293 iuberent,
851 1261 957 1286 arma
980 1248 1192 1286 Tusculum
1216 1247 1260 1285 ad
1284 1247 1536 1298 supplemen-

123 1308 205 1341 tum
244 1303 512 1350 decernerent,
546 1305 863 1355 decemvirosque
891 1304 938 1342 ab
967 1316 1052 1342 arce
1075 1304 1234 1343 Tusculi
1261 1304 1468 1353 degressos
1495 1303 1534 1341 in

124 1358 259 1397 castris
290 1360 448 1398 militem
472 1361 631 1407 habere,
661 1366 785 1399 castra
815 1360 884 1399 alia
907 1373 926 1399 a
949 1361 1103 1399 Fidenis
1128 1360 1166 1399 in
1189 1360 1375 1398 Sabinum
1400 1371 1533 1410 agrum

122 1415 322 1454 transferri
343 1416 521 1467 belloque
543 1418 642 1456 ultro
665 1417 866 1456 inferendo
891 1416 1074 1455 deterreri
1096 1417 1228 1455 hostes
1246 1429 1265 1454 a
1283 1416 1447 1454 consilio
1466 1428 1533 1454 ur-

122 1471 180 1510 bis
205 1473 499 1522 oppugnandae.

122 1592 307 1614 zusammen
328 1584 430 1615 haben
449 1584 568 1616 sollen.

167 1622 327 1660 42-43.
353 1627 456 1669 Hrieg
478 1640 581 1669 gegen
601 1629 734 1671 Aequer
758 1640 789 1661 u.

121 1672 272 1704 Sabiner.
306 1673 398 1705 Dion.
421 1674 471 1713 11,
491 1674 572 1705 2611’.

167 1717 244 1749 2-3.
267 1720 385 1758 noxia,
405 1729 430 1750 S.
451 1719 523 1759 Dig.
550 1720 602 1757 50,
632 1718 682 1758 16,
709 1718 788 1750 238:

122 1765 247 1794 noxiae
268 1764 490 1806 appellatione
514 1774 610 1795 omne
633 1764 788 1795 delictum

122 1810 324 1848 continetur,
343 1809 409 1848 vgl.
429 1809 458 1846 2,
484 1810 537 1849 54,
566 1809 621 1847 1ος
647 1811 675 1851 9,
702 1809 731 1848 8,
757 1810 786 1846 4,

123 1853 194 1883 hier
218 1854 325 1893 wenig
349 1855 562 1885 verschieden
589 1865 652 1886 von
682 1855 791 1897 culpa,

122 1898 265 1929 welches
287 1899 367 1929 aber
390 1900 482 1930 mehr
505 1900 556 1930 die
575 1899 791 1931 Verantwor-

122 1948 202 1982 tung
225 1944 439 1977 hervorhebt.
456 1963 500 1967 —
517 1948 616 1986 atque
633 1946 713 1976 nach
738 1955 789 1984 ne,

122 1988 199 2018 weil
229 1988 332 2020 deceta
360 2000 390 2021 α,
421 1992 571 2033 auspicio
602 1990 696 2021 einen
723 1989 788 2020 Ge-

124 2033 364 2072 sammtbegriff
384 2034 510 2074 bilden,
542 2045 568 2066 s.
595 2034 648 2074 24,
672 2034 725 2072 40,
751 2034 788 2072 33

124 2077 177 2116 27,
207 2077 255 2116 16,
283 2078 297 2108 l
324 2089 354 2110 u.
380 2089 422 2117 a.,
446 2080 591 2119 dagegen
618 2078 638 2120 ξ
662 2080 699 2109 4:
732 2082 793 2110 aut

123 2124 239 2153 armis.
258 2141 301 2145 —-
316 2133 386 2165 per,
405 2134 430 2154 S.
450 2123 479 2161 2,
504 2123 557 2163 38,
582 2124 612 2154 2.
631 2141 674 2146 —
691 2124 792 2155 Fide-

122 2178 186 2198 nae
204 2171 267 2205 etc,
293 2167 385 2199 beide
410 2168 533 2199 siidlich
561 2179 622 2199 von
643 2168 790 2207 Eretum,

122 2211 196 2243 Fid.
214 2211 294 2243 Rom
313 2213 424 2244 naher.
462 2213 520 2244 Die
540 2213 789 2255 Plusquamprff.

123 2257 220 2288 holen
237 2257 290 2288 die
310 2257 499 2298 Erkli‘irung
523 2268 585 2289 von
610 2258 676 2289 alia
691 2277 713 2281 —
728 2269 790 2302 pa-

125 2303 294 2334 tiebantur
312 2304 403 2334 nach.

168 2348 245 2378 4—5.
269 2358 384 2389 aequo,
409 2348 513 2379 indem
537 2348 631 2379 beide
657 2349 790 2380 Partien

124 2393 154 2423 iu
174 2393 319 2432 gleicher
339 2393 425 2433 Lage
449 2394 533 2433 sind,
556 2394 683 2433 gleiche
702 2393 791 2425 Vor-

123 2438 221 2469 theile
241 2438 354 2478 haben,
373 2439 443 2469 hier
460 2439 541 2469 auch
559 2439 589 2469 in
610 2438 719 2476 Bezug
737 2437 795 2470 auf

124 2482 211 2514 edito
235 2482 326 2522 Ioco,
347 2494 373 2514 s.
398 2483 458 2523 22,
486 2483 541 2523 13,
575 2483 603 2514 1.
627 2484 792 2525 —flagi-

125 2529 220 2565 tium,
241 2527 271 2567 2,
290 2528 341 2567 43,
362 2528 391 2559 S.
409 2547 451 2551 -
475 2529 620 2565 utensil„
648 2528 791 2560 Ger'ath-

124 2572 283 2612 sebasten,
305 2572 446 2615 Waffen,
465 2574 716 2613 Lebensmittel,
735 2575 791 2605 da-

123 2618 183 2648 her
200 2621 361 2650 via-turus.
378 2637 423 2641 —
440 2630 523 2660 quae
536 2622 628 2657 tam„
646 2629 672 2650 s.
688 2619 715 2661 2,
737 2619 790 2659 29,

124 2662 159 2694 4:
176 2664 239 2694 und
254 2664 343 2696 diese
359 2665 562 2705 wenigstens
577 2664 678 2696 fehlte
693 2665 791 2704 nicht,

865 1595 895 1616 n.
915 1584 1064 1623 obgleich
1081 1593 1152 1614 man
1172 1583 1222 1614 die
1242 1581 1423 1614 Aufnahme
1441 1583 1532 1614 eines

865 1639 900 1660 so
938 1627 1046 1668 feigen
1083 1629 1146 1659 und
1188 1628 1376 1659 schlechten
1408 1627 1532 1660 Heeres

864 1674 959 1705 kaum
984 1675 1074 1705 b‘zitte
1099 1678 1265 1705 erwarten
1291 1673 1441 1714 konnen,
1464 1674 1531 1713 vgl.

862 1719 894 1759 9,
913 1720 932 1750 6
962 1719 992 1750 4.

908 1746 984 1795 627,
1008 1765 1129 1806 posito,
1148 1763 1199 1794 bei
1214 1763 1304 1794 Seite
1323 1767 1459 1801 setzen3
1477 1773 1534 1794 an-

863 1809 939 1840 ders
962 1809 989 1848 1,
1006 1808 1058 1848 53,
1077 1809 1108 1838 5.
1127 1826 1171 1831 —
1188 1807 1414 1847 decemvirali,
1433 1807 1461 1845 1,
1477 1807 1531 1845 30,

862 1855 893 1885 4.
938 1853 971 1885 ln
1002 1854 1061 1884 der
1098 1864 1160 1884 von
1191 1853 1315 1894 Appius
1352 1850 1532 1883 berufenen

862 1898 1229 1937 Senatsversammlung
1249 1898 1326 1937 ging
1346 1907 1427 1937 man,
1450 1898 1532 1927 ohne

863 1945 935 1975 dem
969 1943 1072 1974 Hasse
1105 1953 1209 1982 gegen
1250 1943 1301 1973 die
1337 1942 1532 1973 Decemvirn

865 1987 1112 2028 nachzugeben,
1145 1987 1291 2026 sogleich
1315 1986 1375 2018 auf
1394 1987 1446 2018 die
1471 1987 1533 2018 Be-

863 2034 1004 2072 rathung
1021 2033 1072 2063 ein
1092 2033 1153 2063 und
1174 2031 1277 2063 fasste
1301 2033 1352 2063 die
1376 2032 1532 2072 nothigen

865 2078 1074 2110 Beschliisse.
1091 2096 1136 2099 —
1153 2077 1288 2119 vigilias
1307 2082 1383 2116 etc.‚
1409 2087 1434 2108 S.
1452 2088 1478 2108 c.
1501 2078 1532 2118 5,

863 2123 895 2154 4.
921 2141 964 2145 —
987 2125 1163 2154 censerent
1177 2142 1199 2145 —
1215 2124 1368 2154 iuberent
1383 2141 1406 2144 —
1422 2122 1535 2153 decer-

863 2171 993 2208 nerent,
1018 2179 1043 2199 s.
1063 2178 1089 2199 c.
1108 2168 1160 2207 40,
1181 2168 1211 2198 7.
1229 2186 1270 2190 -
1292 2178 1424 2207 omnes,
1443 2170 1533 2209 qui*-

863 2216 1010 2255 possent,
1029 2213 1098 2243 also
1117 2213 1198 2243 auch
1218 2213 1269 2244 die
1288 2213 1454 2254 seniores,
1478 2213 1530 2243 die

864 2263 958 2289 sonst
977 2269 1038 2289 nur
1055 2258 1084 2289 in
1103 2259 1162 2289 der
1178 2258 1275 2289 Stadt
1297 2258 1426 2298 dienen,
1449 2268 1476 2289 s.
1503 2268 1531 2289 c.

863 2303 917 2343 41,
936 2304 966 2335 7.
990 2322 1030 2326 —
1047 2303 1092 2334 ad
1106 2303 1225 2346 suppl„
1251 2314 1302 2334 um
1321 2303 1371 2334 die
1394 2301 1454 2334 auf
1473 2303 1532 2333 der

863 2348 984 2380 Flucht
1006 2349 1205 2379 verlorenen
1227 2348 1357 2379 VVaffen
1381 2348 1444 2378 und
1464 2347 1530 2379 Ge-

864 2395 958 2425 r'zithe
976 2405 1016 2424 zu
1035 2398 1208 2430 ersetzen3
1229 2394 1279 2424 ein
1295 2403 1432 2433 grosser
1445 2392 1531 2424 Ver-

864 2439 988 2470 lustau
1008 2437 1216 2471 Manuschaft
1233 2439 1276 2470 ist
1294 2438 1314 2480 ξ
1334 2439 1352 2469 5
1373 2438 1462 2469 nicht
1479 2448 1533 2468 er-

863 2485 986 2515 wa'hnt.
1005 2503 1048 2506 ——
1065 2485 1228 2521 iuberent,
1247 2494 1272 2514 s.
1296 2485 1323 2522 1,
1342 2483 1395 2521 49,
1415 2483 1449 2521 73
1476 2482 1531 2521 36,

864 2528 917 2567 39,
956 2529 992 2567 83
1024 2529 1083 2560 der
1112 2528 1224 2560 Befehl
1254 2529 1318 2559 soll
1348 2529 1448 2559 durch
1478 2528 1530 2559 die

865 2574 1060 2606 Decemvirn
1086 2575 1165 2605 oder
1190 2574 1258 2604 ihre
1279 2573 1532 2612 Untergebenen

863 2618 1058 2659 ausgeffihrt
1076 2620 1221 2650 werden.
1236 2637 1280 2641 ——
1292 2619 1413 2649 habere
1431 2619 1534 2657 hfingt

863 2666 945 2696 auch
969 2675 1033 2696 von
1064 2664 1281 2697 decernerent
1304 2663 1354 2695 ab.
1388 2681 1433 2686 —
1455 2662 1531 2701 alia,
