<?xml version="1.0" encoding="UTF-8"?>
<!DOCTYPE html PUBLIC "-//W3C//DTD XHTML 1.0 Transitional//EN"
    "http://www.w3.org/TR/xhtml1/DTD/xhtml1-transitional.dtd">
<html xmlns="http://www.w3.org/1999/xhtml" xml:lang="en" lang="en">
 <head>
  <title>
</title>
<meta http-equiv="Content-Type" content="text/html;charset=utf-8" />
  <meta name='ocr-system' content='tesseract 3.04.00' />
  <meta name='ocr-capabilities' content='ocr_page ocr_carea ocr_par ocr_line ocrx_word'/>
</head>
<body>
  <div class='ocr_page' id='page_1' title='image "./aburbeconditalib0102livyuoft_0517.png"; bbox 0 0 1698 2864; ppageno 0'>
   <div class='ocr_carea' id='block_1_1' title="bbox 663 99 1490 144">
    <p class='ocr_par' dir='ltr' id='par_1_1' title="bbox 663 99 1490 144">
     <span class='ocr_line' id='line_1_1' title="bbox 663 99 1490 144; baseline 0.002 -13"><span class='ocrx_word' id='word_1_1' title='bbox 663 99 918 134; x_wconf 82' lang='lat' dir='ltr'>PERIOCHAE.</span> <span class='ocrx_word' id='word_1_2' title='bbox 1411 104 1490 144; x_wconf 84' lang='lat'>355</span> 
     </span>
    </p>
   </div>
   <div class='ocr_carea' id='block_1_2' title="bbox 82 201 1530 839">
    <p class='ocr_par' dir='ltr' id='par_1_2' title="bbox 82 201 1530 839">
     <span class='ocr_line' id='line_1_2' title="bbox 173 201 1492 250; baseline 0.002 -14"><span class='ocrx_word' id='word_1_3' title='bbox 173 203 254 236; x_wconf 83' lang='lat' dir='ltr'><strong>Post</strong></span> <span class='ocrx_word' id='word_1_4' title='bbox 269 203 354 235; x_wconf 89' lang='lat' dir='ltr'>hunc</span> <span class='ocrx_word' id='word_1_5' title='bbox 378 201 413 233; x_wconf 91' lang='lat' dir='ltr'>L.</span> <span class='ocrx_word' id='word_1_6' title='bbox 437 201 641 243; x_wconf 79' lang='lat' dir='ltr'><strong>Tarquinius</strong></span> <span class='ocrx_word' id='word_1_7' title='bbox 669 201 834 244; x_wconf 86' lang='lat' dir='ltr'>Superbus</span> <span class='ocrx_word' id='word_1_8' title='bbox 853 212 955 246; x_wconf 90' lang='lat' dir='ltr'>neque</span> <span class='ocrx_word' id='word_1_9' title='bbox 974 209 1103 246; x_wconf 78' lang='lat' dir='ltr'>patrum</span> <span class='ocrx_word' id='word_1_10' title='bbox 1129 216 1232 249; x_wconf 83' lang='lat' dir='ltr'>neque</span> <span class='ocrx_word' id='word_1_11' title='bbox 1254 207 1365 250; x_wconf 87' lang='lat' dir='ltr'>populi</span> <span class='ocrx_word' id='word_1_12' title='bbox 1397 207 1492 239; x_wconf 88' lang='lat' dir='ltr'>iussu</span> 
     </span>
     <span class='ocr_line' id='line_1_3' title="bbox 82 246 1530 291; baseline 0.002 -9"><span class='ocrx_word' id='word_1_13' title='bbox 82 259 220 291; x_wconf 86' lang='lat' dir='ltr'>regnum</span> <span class='ocrx_word' id='word_1_14' title='bbox 237 248 374 281; x_wconf 87' lang='lat' dir='ltr'>invasit.</span> <span class='ocrx_word' id='word_1_15' title='bbox 401 247 431 279; x_wconf 88' lang='lat' dir='ltr'>is</span> <span class='ocrx_word' id='word_1_16' title='bbox 454 251 600 279; x_wconf 88' lang='lat' dir='ltr'>armatos</span> <span class='ocrx_word' id='word_1_17' title='bbox 625 246 714 279; x_wconf 87' lang='lat' dir='ltr'>circa</span> <span class='ocrx_word' id='word_1_18' title='bbox 733 257 769 279; x_wconf 87' lang='lat' dir='ltr'>se</span> <span class='ocrx_word' id='word_1_19' title='bbox 793 247 826 279; x_wconf 95' lang='lat' dir='ltr'>in</span> <span class='ocrx_word' id='word_1_20' title='bbox 844 249 1031 281; x_wconf 82' lang='lat' dir='ltr'>custodiam</span> <span class='ocrx_word' id='word_1_21' title='bbox 1058 250 1108 281; x_wconf 85' lang='lat' dir='ltr'>sui</span> <span class='ocrx_word' id='word_1_22' title='bbox 1125 251 1249 284; x_wconf 90' lang='lat' dir='ltr'>habuit.</span> <span class='ocrx_word' id='word_1_23' title='bbox 1277 252 1401 284; x_wconf 90' lang='lat' dir='ltr'>bellum</span> <span class='ocrx_word' id='word_1_24' title='bbox 1420 263 1492 285; x_wconf 90' lang='lat' dir='ltr'>cum</span> <span class='ocrx_word' id='word_1_25' title='bbox 1526 272 1530 275; x_wconf 24' lang='grc' dir='ltr'><strong>Α</strong></span> 
     </span>
     <span class='ocr_line' id='line_1_4' title="bbox 85 293 1491 337; baseline 0.003 -10"><span class='ocrx_word' id='word_1_26' title='bbox 85 295 222 328; x_wconf 88' lang='lat' dir='ltr'>Vulscis</span> <span class='ocrx_word' id='word_1_27' title='bbox 246 293 351 336; x_wconf 81' lang='lat' dir='ltr'><strong>gessit</strong></span> <span class='ocrx_word' id='word_1_28' title='bbox 367 297 402 324; x_wconf 86' lang='lat' dir='ltr'>et</span> <span class='ocrx_word' id='word_1_29' title='bbox 418 302 459 324; x_wconf 88' lang='lat' dir='ltr'>ex</span> <span class='ocrx_word' id='word_1_30' title='bbox 478 293 593 335; x_wconf 90' lang='lat' dir='ltr'>spoliis</span> <span class='ocrx_word' id='word_1_31' title='bbox 612 303 726 325; x_wconf 89' lang='lat' dir='ltr'>eorum</span> <span class='ocrx_word' id='word_1_32' title='bbox 743 293 903 336; x_wconf 88' lang='lat' dir='ltr'>templum</span> <span class='ocrx_word' id='word_1_33' title='bbox 920 294 955 326; x_wconf 89' lang='lat' dir='ltr'>in</span> <span class='ocrx_word' id='word_1_34' title='bbox 974 294 1139 337; x_wconf 86' lang='lat' dir='ltr'>Capitolio</span> <span class='ocrx_word' id='word_1_35' title='bbox 1157 296 1229 329; x_wconf 88' lang='lat' dir='ltr'>Iovi</span> <span class='ocrx_word' id='word_1_36' title='bbox 1248 296 1336 330; x_wconf 86' lang='lat' dir='ltr'>fecit.</span> <span class='ocrx_word' id='word_1_37' title='bbox 1365 297 1491 331; x_wconf 88' lang='lat' dir='ltr'>Gabios</span> 
     </span>
     <span class='ocr_line' id='line_1_5' title="bbox 85 338 1493 383; baseline 0.002 -10"><span class='ocrx_word' id='word_1_38' title='bbox 85 341 161 373; x_wconf 92' lang='lat' dir='ltr'>dolo</span> <span class='ocrx_word' id='word_1_39' title='bbox 179 341 213 372; x_wconf 94' lang='lat' dir='ltr'>in</span> <span class='ocrx_word' id='word_1_40' title='bbox 227 343 425 382; x_wconf 86' lang='lat' dir='ltr'>potestatem</span> <span class='ocrx_word' id='word_1_41' title='bbox 434 348 526 370; x_wconf 88' lang='lat' dir='ltr'>suam</span> <span class='ocrx_word' id='word_1_42' title='bbox 538 338 679 379; x_wconf 84' lang='lat' dir='ltr'><strong>redegit.</strong></span> <span class='ocrx_word' id='word_1_43' title='bbox 696 339 795 370; x_wconf 90' lang='lat' dir='ltr'>huius</span> <span class='ocrx_word' id='word_1_44' title='bbox 812 339 893 372; x_wconf 88' lang='lat' dir='ltr'>filiis</span> <span class='ocrx_word' id='word_1_45' title='bbox 901 339 1046 382; x_wconf 89' lang='lat' dir='ltr'><strong>Delphos</strong></span> <span class='ocrx_word' id='word_1_46' title='bbox 1065 340 1223 383; x_wconf 84' lang='lat' dir='ltr'>profectis</span> <span class='ocrx_word' id='word_1_47' title='bbox 1239 348 1271 375; x_wconf 88' lang='lat' dir='ltr'>et</span> <span class='ocrx_word' id='word_1_48' title='bbox 1285 344 1493 376; x_wconf 90' lang='lat' dir='ltr'>consulenti-</span> 
     </span>
     <span class='ocr_line' id='line_1_6' title="bbox 86 382 1492 432; baseline 0.003 -14"><span class='ocrx_word' id='word_1_49' title='bbox 86 387 157 427; x_wconf 89' lang='lat' dir='ltr'>bus,</span> <span class='ocrx_word' id='word_1_50' title='bbox 175 385 248 428; x_wconf 91' lang='lat' dir='ltr'>quis</span> <span class='ocrx_word' id='word_1_51' title='bbox 265 394 379 416; x_wconf 88' lang='lat' dir='ltr'>eorum</span> <span class='ocrx_word' id='word_1_52' title='bbox 397 382 518 416; x_wconf 86' lang='lat' dir='ltr'>Romae</span> <span class='ocrx_word' id='word_1_53' title='bbox 536 389 738 425; x_wconf 87' lang='lat' dir='ltr'>regnaturus</span> <span class='ocrx_word' id='word_1_54' title='bbox 756 389 858 426; x_wconf 88' lang='lat' dir='ltr'>esset,</span> <span class='ocrx_word' id='word_1_55' title='bbox 884 385 1007 417; x_wconf 88' lang='lat' dir='ltr'>dictum</span> <span class='ocrx_word' id='word_1_56' title='bbox 1033 391 1085 418; x_wconf 89' lang='lat' dir='ltr'>est</span> <span class='ocrx_word' id='word_1_57' title='bbox 1103 397 1175 419; x_wconf 88' lang='lat' dir='ltr'>eum</span> <span class='ocrx_word' id='word_1_58' title='bbox 1194 393 1420 430; x_wconf 81' lang='lat' dir='ltr'>regnaturum,</span> <span class='ocrx_word' id='word_1_59' title='bbox 1439 391 1492 432; x_wconf 91' lang='lat' dir='ltr'>qui</span> 
     </span>
     <span class='ocr_line' id='line_1_7' title="bbox 86 429 1494 478; baseline 0.002 -14"><span class='ocrx_word' id='word_1_60' title='bbox 86 432 222 475; x_wconf 90' lang='lat' dir='ltr'>primum</span> <span class='ocrx_word' id='word_1_61' title='bbox 238 434 376 462; x_wconf 87' lang='lat' dir='ltr'>matrem</span> <span class='ocrx_word' id='word_1_62' title='bbox 393 429 566 462; x_wconf 87' lang='lat' dir='ltr'>osculatus</span> <span class='ocrx_word' id='word_1_63' title='bbox 585 434 685 463; x_wconf 89' lang='lat' dir='ltr'>esset.</span> <span class='ocrx_word' id='word_1_64' title='bbox 712 431 797 472; x_wconf 90' lang='lat' dir='ltr'>quod</span> <span class='ocrx_word' id='word_1_65' title='bbox 815 440 1011 473; x_wconf 89' lang='lat' dir='ltr'>responsum</span> <span class='ocrx_word' id='word_1_66' title='bbox 1026 441 1098 464; x_wconf 84' lang='lat' dir='ltr'>culn</span> <span class='ocrx_word' id='word_1_67' title='bbox 1116 433 1183 474; x_wconf 90' lang='lat' dir='ltr'>ipsi</span> <span class='ocrx_word' id='word_1_68' title='bbox 1205 433 1307 465; x_wconf 84' lang='lat' dir='ltr'>aliter</span> <span class='ocrx_word' id='word_1_69' title='bbox 1324 435 1494 478; x_wconf 87' lang='lat' dir='ltr'>interpre-</span> 
     </span>
     <span class='ocr_line' id='line_1_8' title="bbox 86 474 1495 521; baseline 0.002 -12"><span class='ocrx_word' id='word_1_70' title='bbox 86 481 250 514; x_wconf 85' lang='lat' dir='ltr'>tarentur,</span> <span class='ocrx_word' id='word_1_71' title='bbox 267 475 378 507; x_wconf 91' lang='lat' dir='ltr'>Iunius</span> <span class='ocrx_word' id='word_1_72' title='bbox 387 475 522 516; x_wconf 91' lang='lat' dir='ltr'>Brutus,</span> <span class='ocrx_word' id='word_1_73' title='bbox 540 476 595 518; x_wconf 94' lang='lat' dir='ltr'>qui</span> <span class='ocrx_word' id='word_1_74' title='bbox 613 485 685 507; x_wconf 89' lang='lat' dir='ltr'>cum</span> <span class='ocrx_word' id='word_1_75' title='bbox 703 476 753 508; x_wconf 88' lang='lat' dir='ltr'>eis</span> <span class='ocrx_word' id='word_1_76' title='bbox 771 474 941 518; x_wconf 85' lang='lat' dir='ltr'>profectus</span> <span class='ocrx_word' id='word_1_77' title='bbox 960 482 1045 519; x_wconf 88' lang='lat' dir='ltr'>erat,</span> <span class='ocrx_word' id='word_1_78' title='bbox 1059 478 1249 521; x_wconf 88' lang='lat' dir='ltr'>prolapsum</span> <span class='ocrx_word' id='word_1_79' title='bbox 1268 489 1303 511; x_wconf 93' lang='lat' dir='ltr'>se</span> <span class='ocrx_word' id='word_1_80' title='bbox 1322 479 1495 513; x_wconf 79' lang='lat' dir='ltr'>simulavit</span> 
     </span>
     <span class='ocr_line' id='line_1_9' title="bbox 86 519 1494 566; baseline 0.003 -13"><span class='ocrx_word' id='word_1_81' title='bbox 86 527 120 554; x_wconf 88' lang='lat' dir='ltr'>et</span> <span class='ocrx_word' id='word_1_82' title='bbox 135 526 262 553; x_wconf 89' lang='lat' dir='ltr'>terram</span> <span class='ocrx_word' id='word_1_83' title='bbox 279 521 449 553; x_wconf 83' lang='lat' dir='ltr'>osculatus</span> <span class='ocrx_word' id='word_1_84' title='bbox 468 527 529 553; x_wconf 86' lang='lat' dir='ltr'>est.</span> <span class='ocrx_word' id='word_1_85' title='bbox 556 521 653 564; x_wconf 87' lang='lat' dir='ltr'>idque</span> <span class='ocrx_word' id='word_1_86' title='bbox 670 519 792 554; x_wconf 88' lang='lat' dir='ltr'>factum</span> <span class='ocrx_word' id='word_1_87' title='bbox 819 521 891 554; x_wconf 91' lang='lat' dir='ltr'>eius</span> <span class='ocrx_word' id='word_1_88' title='bbox 918 527 1060 555; x_wconf 90' lang='lat' dir='ltr'>eventus</span> <span class='ocrx_word' id='word_1_89' title='bbox 1079 525 1308 566; x_wconf 88' lang='lat' dir='ltr'>conprobavit.</span> <span class='ocrx_word' id='word_1_90' title='bbox 1330 535 1404 557; x_wconf 87' lang='lat' dir='ltr'>nam</span> <span class='ocrx_word' id='word_1_91' title='bbox 1422 536 1494 558; x_wconf 88' lang='lat' dir='ltr'>cum</span> 
     </span>
     <span class='ocr_line' id='line_1_10' title="bbox 86 566 1496 613; baseline 0.002 -14"><span class='ocrx_word' id='word_1_92' title='bbox 86 568 274 610; x_wconf 81' lang='lat' dir='ltr'><strong>inpotenter</strong></span> <span class='ocrx_word' id='word_1_93' title='bbox 292 576 326 599; x_wconf 89' lang='lat' dir='ltr'>se</span> <span class='ocrx_word' id='word_1_94' title='bbox 343 567 487 607; x_wconf 85' lang='lat' dir='ltr'>gerendo</span> <span class='ocrx_word' id='word_1_95' title='bbox 505 566 706 609; x_wconf 75' lang='lat' dir='ltr'>Tarquinius</span> <span class='ocrx_word' id='word_1_96' title='bbox 724 566 893 609; x_wconf 84' lang='lat' dir='ltr'>Superbus</span> <span class='ocrx_word' id='word_1_97' title='bbox 911 578 1022 601; x_wconf 89' lang='lat' dir='ltr'>omnes</span> <span class='ocrx_word' id='word_1_98' title='bbox 1040 569 1075 601; x_wconf 88' lang='lat' dir='ltr'>in</span> <span class='ocrx_word' id='word_1_99' title='bbox 1094 570 1204 601; x_wconf 90' lang='lat' dir='ltr'>odium</span> <span class='ocrx_word' id='word_1_100' title='bbox 1222 570 1274 602; x_wconf 91' lang='lat' dir='ltr'>sui</span> <span class='ocrx_word' id='word_1_101' title='bbox 1289 570 1496 613; x_wconf 77' lang='lat' dir='ltr'>adduxisset,</span> 
     </span>
     <span class='ocr_line' id='line_1_11' title="bbox 86 613 1494 656; baseline 0.002 -11"><span class='ocrx_word' id='word_1_102' title='bbox 86 614 127 646; x_wconf 85' lang='lat' dir='ltr'>ad</span> <span class='ocrx_word' id='word_1_103' title='bbox 143 613 294 645; x_wconf 87' lang='lat' dir='ltr'>ultimum</span> <span class='ocrx_word' id='word_1_104' title='bbox 320 617 456 656; x_wconf 88' lang='lat' dir='ltr'>propter</span> <span class='ocrx_word' id='word_1_105' title='bbox 481 617 701 655; x_wconf 79' lang='lat' dir='ltr'>expugnatam</span> <span class='ocrx_word' id='word_1_106' title='bbox 727 618 888 646; x_wconf 87' lang='lat' dir='ltr'>nocturna</span> <span class='ocrx_word' id='word_1_107' title='bbox 914 614 947 646; x_wconf 84' lang='lat' dir='ltr'>vi</span> <span class='ocrx_word' id='word_1_108' title='bbox 971 624 990 646; x_wconf 91' lang='lat' dir='ltr'>a</span> <span class='ocrx_word' id='word_1_109' title='bbox 1008 614 1111 647; x_wconf 86' lang='lat' dir='ltr'>Sexto</span> <span class='ocrx_word' id='word_1_110' title='bbox 1137 615 1205 647; x_wconf 88' lang='lat' dir='ltr'>filio</span> <span class='ocrx_word' id='word_1_111' title='bbox 1225 615 1297 647; x_wconf 90' lang='lat' dir='ltr'>eius</span> <span class='ocrx_word' id='word_1_112' title='bbox 1316 615 1494 649; x_wconf 85' lang='lat' dir='ltr'><strong>Lucretiae</strong></span> 
     </span>
     <span class='ocr_line' id='line_1_12' title="bbox 86 657 1496 703; baseline 0.003 -13"><span class='ocrx_word' id='word_1_113' title='bbox 86 658 291 702; x_wconf 82' lang='lat' dir='ltr'>pudicitiam,</span> <span class='ocrx_word' id='word_1_114' title='bbox 309 668 389 701; x_wconf 88' lang='lat' dir='ltr'>quae</span> <span class='ocrx_word' id='word_1_115' title='bbox 406 659 446 690; x_wconf 87' lang='lat' dir='ltr'>ad</span> <span class='ocrx_word' id='word_1_116' title='bbox 465 669 500 691; x_wconf 87' lang='lat' dir='ltr'>se</span> <span class='ocrx_word' id='word_1_117' title='bbox 516 663 636 692; x_wconf 87' lang='lat' dir='ltr'>vocato</span> <span class='ocrx_word' id='word_1_118' title='bbox 655 663 749 701; x_wconf 85' lang='lat' dir='ltr'>patre</span> <span class='ocrx_word' id='word_1_119' title='bbox 759 657 959 701; x_wconf 70' lang='lat' dir='ltr'>Tricipitino</span> <span class='ocrx_word' id='word_1_120' title='bbox 980 665 1012 692; x_wconf 86' lang='lat' dir='ltr'>et</span> <span class='ocrx_word' id='word_1_121' title='bbox 1032 660 1106 692; x_wconf 88' lang='lat' dir='ltr'>viro</span> <span class='ocrx_word' id='word_1_122' title='bbox 1126 661 1293 694; x_wconf 80' lang='lat' dir='ltr'>Collatino</span> <span class='ocrx_word' id='word_1_123' title='bbox 1313 661 1496 703; x_wconf 85' lang='lat' dir='ltr'>obtestata,</span> 
     </span>
     <span class='ocr_line' id='line_1_13' title="bbox 84 704 1493 750; baseline 0.002 -13"><span class='ocrx_word' id='word_1_124' title='bbox 84 715 123 737; x_wconf 86' lang='lat' dir='ltr'>ne</span> <span class='ocrx_word' id='word_1_125' title='bbox 142 704 248 737; x_wconf 87' lang='lat' dir='ltr'>inulta</span> <span class='ocrx_word' id='word_1_126' title='bbox 266 714 353 736; x_wconf 85' lang='lat' dir='ltr'>mors</span> <span class='ocrx_word' id='word_1_127' title='bbox 367 704 438 736; x_wconf 91' lang='lat' dir='ltr'>eius</span> <span class='ocrx_word' id='word_1_128' title='bbox 458 709 558 747; x_wconf 86' lang='lat' dir='ltr'>esset,</span> <span class='ocrx_word' id='word_1_129' title='bbox 569 704 678 737; x_wconf 84' lang='lat' dir='ltr'>cultro</span> <span class='ocrx_word' id='word_1_130' title='bbox 698 715 733 736; x_wconf 87' lang='lat' dir='ltr'>se</span> <span class='ocrx_word' id='word_1_131' title='bbox 751 704 937 747; x_wconf 83' lang='lat' dir='ltr'>interfecit,</span> <span class='ocrx_word' id='word_1_132' title='bbox 948 706 1154 749; x_wconf 85' lang='lat' dir='ltr'>Brutiopera</span> <span class='ocrx_word' id='word_1_133' title='bbox 1172 707 1315 739; x_wconf 53' lang='lat' dir='ltr'>manime</span> <span class='ocrx_word' id='word_1_134' title='bbox 1334 708 1493 750; x_wconf 80' lang='lat' dir='ltr'>expulsus</span> 
     </span>
     <span class='ocr_line' id='line_1_14' title="bbox 82 750 1493 791; baseline 0.002 -8"><span class='ocrx_word' id='word_1_135' title='bbox 82 755 142 790; x_wconf 87' lang='lat' dir='ltr'>est,</span> <span class='ocrx_word' id='word_1_136' title='bbox 161 761 235 782; x_wconf 89' lang='lat' dir='ltr'>cum</span> <span class='ocrx_word' id='word_1_137' title='bbox 251 755 428 791; x_wconf 81' lang='lat' dir='ltr'>regnasset</span> <span class='ocrx_word' id='word_1_138' title='bbox 443 759 547 783; x_wconf 87' lang='lat' dir='ltr'>annos</span> <span class='ocrx_word' id='word_1_139' title='bbox 565 750 675 784; x_wconf 77' lang='lat' dir='ltr'>XXV.</span> <span class='ocrx_word' id='word_1_140' title='bbox 703 755 771 783; x_wconf 91' lang='lat' dir='ltr'>tum</span> <span class='ocrx_word' id='word_1_141' title='bbox 790 751 945 784; x_wconf 88' lang='lat' dir='ltr'>consules</span> <span class='ocrx_word' id='word_1_142' title='bbox 963 752 1070 785; x_wconf 81' lang='lat' dir='ltr'>creati</span> <span class='ocrx_word' id='word_1_143' title='bbox 1088 758 1167 785; x_wconf 87' lang='lat' dir='ltr'>suut</span> <span class='ocrx_word' id='word_1_144' title='bbox 1185 752 1219 784; x_wconf 93' lang='lat' dir='ltr'>L.</span> <span class='ocrx_word' id='word_1_145' title='bbox 1240 752 1353 786; x_wconf 92' lang='lat' dir='ltr'>Iunius</span> <span class='ocrx_word' id='word_1_146' title='bbox 1370 754 1493 786; x_wconf 88' lang='lat' dir='ltr'>Brutus</span> 
     </span>
     <span class='ocr_line' id='line_1_15' title="bbox 83 795 557 839; baseline -0.002 -9"><span class='ocrx_word' id='word_1_147' title='bbox 83 796 120 830; x_wconf 85' lang='lat' dir='ltr'>L.</span> <span class='ocrx_word' id='word_1_148' title='bbox 139 795 341 839; x_wconf 85' lang='lat' dir='ltr'>Tarquinius</span> <span class='ocrx_word' id='word_1_149' title='bbox 361 795 557 829; x_wconf 87' lang='lat' dir='ltr'>Collatinus.</span> 
     </span>
    </p>
   </div>
   <div class='ocr_carea' id='block_1_3' title="bbox 676 937 908 970">
    <p class='ocr_par' dir='ltr' id='par_1_3' title="bbox 676 937 908 970">
     <span class='ocr_line' id='line_1_16' title="bbox 676 937 908 970; baseline 0.004 -1"><span class='ocrx_word' id='word_1_150' title='bbox 676 937 738 969; x_wconf 75' lang='lat' dir='ltr'>EX</span> <span class='ocrx_word' id='word_1_151' title='bbox 765 937 841 969; x_wconf 88' lang='lat' dir='ltr'>LIB.</span> <span class='ocrx_word' id='word_1_152' title='bbox 872 937 908 970; x_wconf 90' lang='lat' dir='ltr'>ll.</span> 
     </span>
    </p>
   </div>
   <div class='ocr_carea' id='block_1_4' title="bbox 84 1006 1496 2610">
    <p class='ocr_par' dir='ltr' id='par_1_4' title="bbox 84 1006 1496 2610">
     <span class='ocr_line' id='line_1_17' title="bbox 177 1006 1496 1052; baseline 0.003 -13"><span class='ocrx_word' id='word_1_153' title='bbox 177 1007 296 1040; x_wconf 89' lang='lat' dir='ltr'>Brutus</span> <span class='ocrx_word' id='word_1_154' title='bbox 315 1006 390 1038; x_wconf 88' lang='lat' dir='ltr'>iure.</span> <span class='ocrx_word' id='word_1_155' title='bbox 408 1007 548 1039; x_wconf 86' lang='lat' dir='ltr'>iurando</span> <span class='ocrx_word' id='word_1_156' title='bbox 567 1007 721 1049; x_wconf 87' lang='lat' dir='ltr'>populum</span> <span class='ocrx_word' id='word_1_157' title='bbox 739 1007 927 1039; x_wconf 81' lang='lat' dir='ltr'>adstrinxit</span> <span class='ocrx_word' id='word_1_158' title='bbox 944 1007 1237 1041; x_wconf 83' lang='lat' dir='ltr'>neminemRomac</span> <span class='ocrx_word' id='word_1_159' title='bbox 1256 1020 1397 1051; x_wconf 86' lang='lat' dir='ltr'>regnare</span> <span class='ocrx_word' id='word_1_160' title='bbox 1416 1021 1496 1052; x_wconf 77' lang='lat' dir='ltr'>pas—</span> 
     </span>
     <span class='ocr_line' id='line_1_18' title="bbox 84 1052 1494 1096; baseline 0.001 -9"><span class='ocrx_word' id='word_1_161' title='bbox 84 1064 208 1087; x_wconf 89' lang='lat' dir='ltr'>surum.</span> <span class='ocrx_word' id='word_1_162' title='bbox 234 1052 452 1095; x_wconf 85' lang='lat' dir='ltr'>Tarquinium</span> <span class='ocrx_word' id='word_1_163' title='bbox 481 1052 684 1085; x_wconf 79' lang='lat' dir='ltr'>Collatinum</span> <span class='ocrx_word' id='word_1_164' title='bbox 710 1052 874 1094; x_wconf 83' lang='lat' dir='ltr'>collegam</span> <span class='ocrx_word' id='word_1_165' title='bbox 897 1063 992 1085; x_wconf 90' lang='lat' dir='ltr'>suum</span> <span class='ocrx_word' id='word_1_166' title='bbox 1017 1059 1154 1096; x_wconf 89' lang='lat' dir='ltr'>propter</span> <span class='ocrx_word' id='word_1_167' title='bbox 1179 1055 1385 1088; x_wconf 78' lang='lat' dir='ltr'>adfinitatem</span> <span class='ocrx_word' id='word_1_168' title='bbox 1410 1056 1494 1088; x_wconf 86' lang='lat' dir='ltr'>Tar-</span> 
     </span>
     <span class='ocr_line' id='line_1_19' title="bbox 85 1098 1495 1143; baseline 0.001 -11"><span class='ocrx_word' id='word_1_169' title='bbox 85 1100 272 1143; x_wconf 91' lang='lat' dir='ltr'>quiniorum</span> <span class='ocrx_word' id='word_1_170' title='bbox 290 1102 480 1141; x_wconf 89' lang='lat' dir='ltr'>suspectum</span> <span class='ocrx_word' id='word_1_171' title='bbox 498 1098 612 1139; x_wconf 82' lang='lat' dir='ltr'>coegit</span> <span class='ocrx_word' id='word_1_172' title='bbox 630 1099 806 1130; x_wconf 80' lang='lat' dir='ltr'>consulatu</span> <span class='ocrx_word' id='word_1_173' title='bbox 824 1109 859 1131; x_wconf 90' lang='lat' dir='ltr'>se</span> <span class='ocrx_word' id='word_1_174' title='bbox 878 1099 1031 1131; x_wconf 86' lang='lat' dir='ltr'>abdicare</span> <span class='ocrx_word' id='word_1_175' title='bbox 1050 1104 1083 1132; x_wconf 89' lang='lat' dir='ltr'>et</span> <span class='ocrx_word' id='word_1_176' title='bbox 1101 1100 1242 1133; x_wconf 84' lang='lat' dir='ltr'>civitate</span> <span class='ocrx_word' id='word_1_177' title='bbox 1260 1102 1390 1133; x_wconf 82' lang='lat' dir='ltr'>cedere.</span> <span class='ocrx_word' id='word_1_178' title='bbox 1410 1102 1495 1134; x_wconf 91' lang='lat' dir='ltr'>bona</span> 
     </span>
     <span class='ocr_line' id='line_1_20' title="bbox 84 1143 1494 1188; baseline 0.001 -10"><span class='ocrx_word' id='word_1_179' title='bbox 84 1156 199 1188; x_wconf 89' lang='lat' dir='ltr'>regum</span> <span class='ocrx_word' id='word_1_180' title='bbox 216 1144 319 1186; x_wconf 89' lang='lat' dir='ltr'>diripi</span> <span class='ocrx_word' id='word_1_181' title='bbox 332 1144 445 1186; x_wconf 86' lang='lat' dir='ltr'>iussit,</span> <span class='ocrx_word' id='word_1_182' title='bbox 463 1154 577 1185; x_wconf 85' lang='lat' dir='ltr'>agrum</span> <span class='ocrx_word' id='word_1_183' title='bbox 587 1143 689 1176; x_wconf 86' lang='lat' dir='ltr'>Marti</span> <span class='ocrx_word' id='word_1_184' title='bbox 704 1145 928 1185; x_wconf 84' lang='lat' dir='ltr'>consecravit,</span> <span class='ocrx_word' id='word_1_185' title='bbox 943 1145 998 1187; x_wconf 92' lang='lat' dir='ltr'>qui</span> <span class='ocrx_word' id='word_1_186' title='bbox 1006 1155 1138 1187; x_wconf 87' lang='lat' dir='ltr'>campus</span> <span class='ocrx_word' id='word_1_187' title='bbox 1147 1145 1291 1180; x_wconf 83' lang='lat' dir='ltr'>Martius</span> <span class='ocrx_word' id='word_1_188' title='bbox 1306 1148 1494 1180; x_wconf 88' lang='lat' dir='ltr'>nominatus</span> 
     </span>
     <span class='ocr_line' id='line_1_21' title="bbox 86 1190 1491 1236; baseline 0.001 -12"><span class='ocrx_word' id='word_1_189' title='bbox 86 1196 149 1224; x_wconf 83' lang='lat' dir='ltr'>est.</span> <span class='ocrx_word' id='word_1_190' title='bbox 175 1190 408 1222; x_wconf 82' lang='lat' dir='ltr'>adulescentes</span> <span class='ocrx_word' id='word_1_191' title='bbox 437 1190 584 1231; x_wconf 90' lang='lat' dir='ltr'>nobiles,</span> <span class='ocrx_word' id='word_1_192' title='bbox 618 1190 651 1221; x_wconf 90' lang='lat' dir='ltr'>in</span> <span class='ocrx_word' id='word_1_193' title='bbox 677 1190 796 1232; x_wconf 86' lang='lat' dir='ltr'>quibus</span> <span class='ocrx_word' id='word_1_194' title='bbox 823 1201 900 1223; x_wconf 87' lang='lat' dir='ltr'>suos</span> <span class='ocrx_word' id='word_1_195' title='bbox 927 1202 1055 1234; x_wconf 88' lang='lat' dir='ltr'>quoque</span> <span class='ocrx_word' id='word_1_196' title='bbox 1083 1196 1115 1223; x_wconf 86' lang='lat' dir='ltr'>ct</span> <span class='ocrx_word' id='word_1_197' title='bbox 1141 1191 1261 1225; x_wconf 85' lang='lat' dir='ltr'>fratris</span> <span class='ocrx_word' id='word_1_198' title='bbox 1287 1193 1386 1233; x_wconf 88' lang='lat' dir='ltr'>filios,</span> <span class='ocrx_word' id='word_1_199' title='bbox 1413 1194 1491 1236; x_wconf 80' lang='lat' dir='ltr'>quia</span> 
     </span>
     <span class='ocr_line' id='line_1_22' title="bbox 85 1235 1493 1280; baseline 0.001 -11"><span class='ocrx_word' id='word_1_200' title='bbox 85 1237 345 1270; x_wconf 80' lang='lat' dir='ltr'>coniuraverant</span> <span class='ocrx_word' id='word_1_201' title='bbox 362 1235 400 1268; x_wconf 89' lang='lat' dir='ltr'>de</span> <span class='ocrx_word' id='word_1_202' title='bbox 429 1236 632 1279; x_wconf 84' lang='lat' dir='ltr'>recipiendis</span> <span class='ocrx_word' id='word_1_203' title='bbox 657 1236 806 1277; x_wconf 83' lang='lat' dir='ltr'>regibus,</span> <span class='ocrx_word' id='word_1_204' title='bbox 839 1238 949 1269; x_wconf 89' lang='lat' dir='ltr'>securi</span> <span class='ocrx_word' id='word_1_205' title='bbox 973 1236 1149 1279; x_wconf 86' lang='lat' dir='ltr'>percussit.</span> <span class='ocrx_word' id='word_1_206' title='bbox 1180 1249 1279 1270; x_wconf 84' lang='lat' dir='ltr'>servo</span> <span class='ocrx_word' id='word_1_207' title='bbox 1299 1239 1411 1280; x_wconf 87' lang='lat' dir='ltr'>indici,</span> <span class='ocrx_word' id='word_1_208' title='bbox 1438 1239 1493 1272; x_wconf 86' lang='lat' dir='ltr'>cui</span> 
     </span>
     <span class='ocr_line' id='line_1_23' title="bbox 88 1280 1494 1327; baseline 0.001 -11"><span class='ocrx_word' id='word_1_209' title='bbox 88 1282 242 1316; x_wconf 78' lang='lat' dir='ltr'>Vindicio</span> <span class='ocrx_word' id='word_1_210' title='bbox 262 1291 379 1313; x_wconf 86' lang='lat' dir='ltr'>nomen</span> <span class='ocrx_word' id='word_1_211' title='bbox 397 1280 472 1322; x_wconf 83' lang='lat' dir='ltr'>fuit,</span> <span class='ocrx_word' id='word_1_212' title='bbox 492 1281 682 1314; x_wconf 84' lang='lat' dir='ltr'>libertatem</span> <span class='ocrx_word' id='word_1_213' title='bbox 700 1282 803 1322; x_wconf 86' lang='lat' dir='ltr'>dedit,</span> <span class='ocrx_word' id='word_1_214' title='bbox 821 1292 862 1314; x_wconf 79' lang='lat' dir='ltr'>ex</span> <span class='ocrx_word' id='word_1_215' title='bbox 880 1283 975 1314; x_wconf 91' lang='lat' dir='ltr'>cuius</span> <span class='ocrx_word' id='word_1_216' title='bbox 994 1283 1124 1314; x_wconf 90' lang='lat' dir='ltr'>nomine</span> <span class='ocrx_word' id='word_1_217' title='bbox 1150 1283 1296 1316; x_wconf 87' lang='lat' dir='ltr'>vindicta</span> <span class='ocrx_word' id='word_1_218' title='bbox 1315 1285 1494 1327; x_wconf 88' lang='lat' dir='ltr'>appellata.</span> 
     </span>
     <span class='ocr_line' id='line_1_24' title="bbox 85 1327 1493 1374; baseline 0.001 -13"><span class='ocrx_word' id='word_1_219' title='bbox 85 1339 158 1362; x_wconf 88' lang='lat' dir='ltr'>cum</span> <span class='ocrx_word' id='word_1_220' title='bbox 181 1327 343 1359; x_wconf 91' lang='lat' dir='ltr'>adversus</span> <span class='ocrx_word' id='word_1_221' title='bbox 374 1337 480 1369; x_wconf 84' lang='lat' dir='ltr'>reges,</span> <span class='ocrx_word' id='word_1_222' title='bbox 504 1328 559 1370; x_wconf 88' lang='lat' dir='ltr'>qui</span> <span class='ocrx_word' id='word_1_223' title='bbox 585 1328 771 1360; x_wconf 85' lang='lat' dir='ltr'>contractis</span> <span class='ocrx_word' id='word_1_224' title='bbox 788 1327 970 1361; x_wconf 81' lang='lat' dir='ltr'>Veientum</span> <span class='ocrx_word' id='word_1_225' title='bbox 1004 1333 1037 1360; x_wconf 89' lang='lat' dir='ltr'>et</span> <span class='ocrx_word' id='word_1_226' title='bbox 1061 1327 1355 1371; x_wconf 84' lang='lat' dir='ltr'>Tarquiniensium</span> <span class='ocrx_word' id='word_1_227' title='bbox 1384 1331 1493 1374; x_wconf 87' lang='lat' dir='ltr'>copiis</span> 
     </span>
     <span class='ocr_line' id='line_1_25' title="bbox 85 1372 1494 1418; baseline 0.002 -12"><span class='ocrx_word' id='word_1_228' title='bbox 85 1374 208 1406; x_wconf 89' lang='lat' dir='ltr'>bellum</span> <span class='ocrx_word' id='word_1_229' title='bbox 224 1373 421 1414; x_wconf 86' lang='lat' dir='ltr'>intulerant,</span> <span class='ocrx_word' id='word_1_230' title='bbox 451 1373 638 1405; x_wconf 78' lang='lat' dir='ltr'>exercitum</span> <span class='ocrx_word' id='word_1_231' title='bbox 662 1372 826 1415; x_wconf 83' lang='lat' dir='ltr'>duxisset,</span> <span class='ocrx_word' id='word_1_232' title='bbox 852 1374 885 1405; x_wconf 92' lang='lat' dir='ltr'>in</span> <span class='ocrx_word' id='word_1_233' title='bbox 910 1374 982 1406; x_wconf 85' lang='lat' dir='ltr'>acie</span> <span class='ocrx_word' id='word_1_234' title='bbox 1006 1384 1079 1406; x_wconf 89' lang='lat' dir='ltr'>cum</span> <span class='ocrx_word' id='word_1_235' title='bbox 1098 1374 1245 1407; x_wconf 86' lang='lat' dir='ltr'>Arrunte</span> <span class='ocrx_word' id='word_1_236' title='bbox 1265 1376 1332 1408; x_wconf 87' lang='lat' dir='ltr'>filio</span> <span class='ocrx_word' id='word_1_237' title='bbox 1351 1376 1494 1418; x_wconf 89' lang='lat' dir='ltr'>Superbi</span> 
     </span>
     <span class='ocr_line' id='line_1_26' title="bbox 84 1420 1493 1461; baseline 0.001 -9"><span class='ocrx_word' id='word_1_238' title='bbox 84 1423 309 1452; x_wconf 87' lang='lat' dir='ltr'>commortuus</span> <span class='ocrx_word' id='word_1_239' title='bbox 335 1424 406 1460; x_wconf 82' lang='lat' dir='ltr'>est3</span> <span class='ocrx_word' id='word_1_240' title='bbox 441 1429 576 1461; x_wconf 87' lang='lat' dir='ltr'>eumque</span> <span class='ocrx_word' id='word_1_241' title='bbox 608 1423 780 1451; x_wconf 88' lang='lat' dir='ltr'>matronae</span> <span class='ocrx_word' id='word_1_242' title='bbox 815 1429 899 1452; x_wconf 88' lang='lat' dir='ltr'>anno</span> <span class='ocrx_word' id='word_1_243' title='bbox 925 1421 1094 1452; x_wconf 80' lang='lat' dir='ltr'>luxerunt.</span> <span class='ocrx_word' id='word_1_244' title='bbox 1126 1420 1161 1453; x_wconf 92' lang='lat' dir='ltr'>P.</span> <span class='ocrx_word' id='word_1_245' title='bbox 1190 1421 1345 1453; x_wconf 76' lang='lat' dir='ltr'>Valerius</span> <span class='ocrx_word' id='word_1_246' title='bbox 1379 1423 1493 1455; x_wconf 87' lang='lat' dir='ltr'>consul</span> 
     </span>
     <span class='ocr_line' id='line_1_27' title="bbox 84 1464 1492 1508; baseline 0.002 -10"><span class='ocrx_word' id='word_1_247' title='bbox 84 1466 189 1508; x_wconf 82' lang='lat' dir='ltr'>legem</span> <span class='ocrx_word' id='word_1_248' title='bbox 206 1465 246 1497; x_wconf 91' lang='lat' dir='ltr'>de</span> <span class='ocrx_word' id='word_1_249' title='bbox 272 1465 511 1507; x_wconf 88' lang='lat' dir='ltr'>provocatione</span> <span class='ocrx_word' id='word_1_250' title='bbox 539 1465 579 1496; x_wconf 90' lang='lat' dir='ltr'>ad</span> <span class='ocrx_word' id='word_1_251' title='bbox 597 1465 754 1507; x_wconf 88' lang='lat' dir='ltr'>populum</span> <span class='ocrx_word' id='word_1_252' title='bbox 770 1464 862 1497; x_wconf 82' lang='lat' dir='ltr'>tulit.</span> <span class='ocrx_word' id='word_1_253' title='bbox 896 1465 1098 1508; x_wconf 85' lang='lat' dir='ltr'>Capitolium</span> <span class='ocrx_word' id='word_1_254' title='bbox 1117 1466 1303 1499; x_wconf 85' lang='lat' dir='ltr'>dedicatum</span> <span class='ocrx_word' id='word_1_255' title='bbox 1322 1473 1383 1500; x_wconf 88' lang='lat' dir='ltr'>est.</span> <span class='ocrx_word' id='word_1_256' title='bbox 1411 1469 1492 1501; x_wconf 93' lang='lat' dir='ltr'>Por-</span> 
     </span>
     <span class='ocr_line' id='line_1_28' title="bbox 85 1509 1493 1554; baseline 0.001 -10"><span class='ocrx_word' id='word_1_257' title='bbox 85 1521 198 1552; x_wconf 83' lang='lat' dir='ltr'>senna,</span> <span class='ocrx_word' id='word_1_258' title='bbox 227 1509 437 1542; x_wconf 90' lang='lat' dir='ltr'>Clusinorum</span> <span class='ocrx_word' id='word_1_259' title='bbox 471 1520 542 1552; x_wconf 81' lang='lat' dir='ltr'>rex,</span> <span class='ocrx_word' id='word_1_260' title='bbox 571 1510 660 1542; x_wconf 90' lang='lat' dir='ltr'>bello</span> <span class='ocrx_word' id='word_1_261' title='bbox 687 1521 745 1553; x_wconf 92' lang='lat' dir='ltr'>pro</span> <span class='ocrx_word' id='word_1_262' title='bbox 768 1511 962 1553; x_wconf 82' lang='lat' dir='ltr'>Tarquiniis</span> <span class='ocrx_word' id='word_1_263' title='bbox 980 1516 1134 1554; x_wconf 85' lang='lat' dir='ltr'>suscepto</span> <span class='ocrx_word' id='word_1_264' title='bbox 1161 1523 1233 1544; x_wconf 88' lang='lat' dir='ltr'>cum</span> <span class='ocrx_word' id='word_1_265' title='bbox 1251 1514 1291 1544; x_wconf 92' lang='lat' dir='ltr'>ad</span> <span class='ocrx_word' id='word_1_266' title='bbox 1310 1512 1493 1546; x_wconf 88' lang='lat' dir='ltr'>ianiculum</span> 
     </span>
     <span class='ocr_line' id='line_1_29' title="bbox 84 1556 1494 1602; baseline 0.003 -14"><span class='ocrx_word' id='word_1_267' title='bbox 84 1557 248 1598; x_wconf 80' lang='lat' dir='ltr'>venisset,</span> <span class='ocrx_word' id='word_1_268' title='bbox 266 1566 304 1588; x_wconf 92' lang='lat' dir='ltr'>ne</span> <span class='ocrx_word' id='word_1_269' title='bbox 322 1556 473 1588; x_wconf 88' lang='lat' dir='ltr'>Tiberim</span> <span class='ocrx_word' id='word_1_270' title='bbox 489 1556 664 1596; x_wconf 85' lang='lat' dir='ltr'>transiret,</span> <span class='ocrx_word' id='word_1_271' title='bbox 689 1557 818 1589; x_wconf 81' lang='lat' dir='ltr'>virtute</span> <span class='ocrx_word' id='word_1_272' title='bbox 836 1556 980 1589; x_wconf 88' lang='lat' dir='ltr'>Coclitis</span> <span class='ocrx_word' id='word_1_273' title='bbox 995 1557 1114 1590; x_wconf 88' lang='lat' dir='ltr'>Horati</span> <span class='ocrx_word' id='word_1_274' title='bbox 1134 1558 1322 1600; x_wconf 89' lang='lat' dir='ltr'>prohibitus</span> <span class='ocrx_word' id='word_1_275' title='bbox 1342 1564 1404 1600; x_wconf 89' lang='lat' dir='ltr'>est,</span> <span class='ocrx_word' id='word_1_276' title='bbox 1429 1560 1494 1602; x_wconf 88' lang='lat' dir='ltr'>qui,</span> 
     </span>
     <span class='ocr_line' id='line_1_30' title="bbox 86 1602 1494 1648; baseline 0.001 -13"><span class='ocrx_word' id='word_1_277' title='bbox 86 1604 161 1635; x_wconf 92' lang='lat' dir='ltr'>dum</span> <span class='ocrx_word' id='word_1_278' title='bbox 178 1602 238 1634; x_wconf 89' lang='lat' dir='ltr'>alii</span> <span class='ocrx_word' id='word_1_279' title='bbox 259 1606 393 1644; x_wconf 88' lang='lat' dir='ltr'>pontem</span> <span class='ocrx_word' id='word_1_280' title='bbox 418 1602 604 1634; x_wconf 86' lang='lat' dir='ltr'>Sublicium</span> <span class='ocrx_word' id='word_1_281' title='bbox 622 1602 828 1643; x_wconf 88' lang='lat' dir='ltr'>rescindunt,</span> <span class='ocrx_word' id='word_1_282' title='bbox 857 1603 949 1634; x_wconf 89' lang='lat' dir='ltr'>solus</span> <span class='ocrx_word' id='word_1_283' title='bbox 967 1603 1130 1636; x_wconf 87' lang='lat' dir='ltr'>Etruscos</span> <span class='ocrx_word' id='word_1_284' title='bbox 1154 1604 1319 1636; x_wconf 87' lang='lat' dir='ltr'>sustinuit</span> <span class='ocrx_word' id='word_1_285' title='bbox 1344 1609 1378 1637; x_wconf 85' lang='lat' dir='ltr'>et</span> <span class='ocrx_word' id='word_1_286' title='bbox 1394 1611 1494 1648; x_wconf 88' lang='lat' dir='ltr'>ponte</span> 
     </span>
     <span class='ocr_line' id='line_1_31' title="bbox 85 1647 1493 1690; baseline 0.002 -10"><span class='ocrx_word' id='word_1_287' title='bbox 85 1653 180 1690; x_wconf 89' lang='lat' dir='ltr'>rupto</span> <span class='ocrx_word' id='word_1_288' title='bbox 200 1652 346 1680; x_wconf 90' lang='lat' dir='ltr'>armatus</span> <span class='ocrx_word' id='word_1_289' title='bbox 365 1648 399 1679; x_wconf 92' lang='lat' dir='ltr'>in</span> <span class='ocrx_word' id='word_1_290' title='bbox 429 1649 546 1680; x_wconf 77' lang='lat' dir='ltr'>{lumen</span> <span class='ocrx_word' id='word_1_291' title='bbox 576 1658 611 1680; x_wconf 91' lang='lat' dir='ltr'>se</span> <span class='ocrx_word' id='word_1_292' title='bbox 634 1647 724 1679; x_wconf 85' lang='lat' dir='ltr'>misit</span> <span class='ocrx_word' id='word_1_293' title='bbox 749 1652 779 1679; x_wconf 86' lang='lat' dir='ltr'>et</span> <span class='ocrx_word' id='word_1_294' title='bbox 798 1648 838 1680; x_wconf 88' lang='lat' dir='ltr'>ad</span> <span class='ocrx_word' id='word_1_295' title='bbox 863 1658 940 1680; x_wconf 83' lang='lat' dir='ltr'>suos</span> <span class='ocrx_word' id='word_1_296' title='bbox 959 1650 1162 1681; x_wconf 85' lang='lat' dir='ltr'>transnavit.</span> <span class='ocrx_word' id='word_1_297' title='bbox 1188 1650 1332 1682; x_wconf 86' lang='lat' dir='ltr'>accessit</span> <span class='ocrx_word' id='word_1_298' title='bbox 1350 1651 1493 1683; x_wconf 88' lang='lat' dir='ltr'>alterum</span> 
     </span>
     <span class='ocr_line' id='line_1_32' title="bbox 84 1692 1493 1736; baseline 0.002 -10"><span class='ocrx_word' id='word_1_299' title='bbox 84 1693 225 1726; x_wconf 87' lang='lat' dir='ltr'>virtutis</span> <span class='ocrx_word' id='word_1_300' title='bbox 244 1693 430 1736; x_wconf 73' lang='lat' dir='ltr'>exemplum</span> <span class='ocrx_word' id='word_1_301' title='bbox 447 1704 465 1726; x_wconf 85' lang='lat' dir='ltr'>a</span> <span class='ocrx_word' id='word_1_302' title='bbox 476 1693 661 1735; x_wconf 89' lang='lat' dir='ltr'>Muci0,qui</span> <span class='ocrx_word' id='word_1_303' title='bbox 680 1704 751 1725; x_wconf 84' lang='lat' dir='ltr'>cum</span> <span class='ocrx_word' id='word_1_304' title='bbox 766 1694 806 1725; x_wconf 85' lang='lat' dir='ltr'>ad</span> <span class='ocrx_word' id='word_1_305' title='bbox 816 1692 1000 1726; x_wconf 88' lang='lat' dir='ltr'>feriendum</span> <span class='ocrx_word' id='word_1_306' title='bbox 1013 1694 1212 1727; x_wconf 82' lang='lat' dir='ltr'>Porsennam</span> <span class='ocrx_word' id='word_1_307' title='bbox 1223 1701 1335 1728; x_wconf 86' lang='lat' dir='ltr'>castra</span> <span class='ocrx_word' id='word_1_308' title='bbox 1349 1697 1493 1729; x_wconf 85' lang='lat' dir='ltr'>hostium</span> 
     </span>
     <span class='ocr_line' id='line_1_33' title="bbox 84 1739 1492 1784; baseline 0.003 -13"><span class='ocrx_word' id='word_1_309' title='bbox 84 1740 258 1779; x_wconf 83' lang='lat' dir='ltr'>intrasset,</span> <span class='ocrx_word' id='word_1_310' title='bbox 289 1739 401 1770; x_wconf 84' lang='lat' dir='ltr'>occiso</span> <span class='ocrx_word' id='word_1_311' title='bbox 427 1739 558 1779; x_wconf 83' lang='lat' dir='ltr'>scriba,</span> <span class='ocrx_word' id='word_1_312' title='bbox 584 1749 677 1781; x_wconf 86' lang='lat' dir='ltr'>quem</span> <span class='ocrx_word' id='word_1_313' title='bbox 702 1749 813 1779; x_wconf 84' lang='lat' dir='ltr'>regem</span> <span class='ocrx_word' id='word_1_314' title='bbox 839 1749 912 1772; x_wconf 89' lang='lat' dir='ltr'>esse</span> <span class='ocrx_word' id='word_1_315' title='bbox 945 1740 1219 1782; x_wconf 75' lang='lat' dir='ltr'>existimaverat,</span> <span class='ocrx_word' id='word_1_316' title='bbox 1245 1743 1492 1784; x_wconf 88' lang='lat' dir='ltr'>conprehensus</span> 
     </span>
     <span class='ocr_line' id='line_1_34' title="bbox 85 1784 1494 1830; baseline 0.003 -14"><span class='ocrx_word' id='word_1_317' title='bbox 85 1784 265 1828; x_wconf 86' lang='lat' dir='ltr'>inpositam</span> <span class='ocrx_word' id='word_1_318' title='bbox 290 1794 419 1816; x_wconf 88' lang='lat' dir='ltr'>manum</span> <span class='ocrx_word' id='word_1_319' title='bbox 437 1785 614 1825; x_wconf 88' lang='lat' dir='ltr'>altaribus,</span> <span class='ocrx_word' id='word_1_320' title='bbox 642 1785 673 1816; x_wconf 92' lang='lat' dir='ltr'>in</span> <span class='ocrx_word' id='word_1_321' title='bbox 692 1785 811 1827; x_wconf 90' lang='lat' dir='ltr'>quibus</span> <span class='ocrx_word' id='word_1_322' title='bbox 830 1786 1054 1818; x_wconf 84' lang='lat' dir='ltr'>sacrificatum</span> <span class='ocrx_word' id='word_1_323' title='bbox 1074 1792 1155 1828; x_wconf 84' lang='lat' dir='ltr'>erat,</span> <span class='ocrx_word' id='word_1_324' title='bbox 1184 1788 1280 1819; x_wconf 80' lang='lat' dir='ltr'>exuri</span> <span class='ocrx_word' id='word_1_325' title='bbox 1300 1798 1415 1830; x_wconf 87' lang='lat' dir='ltr'>passus</span> <span class='ocrx_word' id='word_1_326' title='bbox 1442 1793 1494 1820; x_wconf 88' lang='lat' dir='ltr'>est</span> 
     </span>
     <span class='ocr_line' id='line_1_35' title="bbox 86 1830 1495 1876; baseline 0.002 -14"><span class='ocrx_word' id='word_1_327' title='bbox 86 1831 237 1874; x_wconf 81' lang='lat' dir='ltr'>dixitque</span> <span class='ocrx_word' id='word_1_328' title='bbox 255 1830 340 1863; x_wconf 87' lang='lat' dir='ltr'>tales</span> <span class='ocrx_word' id='word_1_329' title='bbox 354 1835 526 1863; x_wconf 89' lang='lat' dir='ltr'>trecentos</span> <span class='ocrx_word' id='word_1_330' title='bbox 555 1840 629 1863; x_wconf 88' lang='lat' dir='ltr'>esse</span> <span class='ocrx_word' id='word_1_331' title='bbox 655 1832 848 1863; x_wconf 70' lang='lat' dir='ltr'>coniuratos</span> <span class='ocrx_word' id='word_1_332' title='bbox 866 1833 899 1862; x_wconf 73' lang='lat' dir='ltr'>in</span> <span class='ocrx_word' id='word_1_333' title='bbox 923 1834 1065 1863; x_wconf 78' lang='lat' dir='ltr'>71107&#39;tem</span> <span class='ocrx_word' id='word_1_334' title='bbox 1089 1834 1197 1875; x_wconf 75' lang='lat' dir='ltr'>ipsias</span> <span class='ocrx_word' id='word_1_335' title='bbox 1222 1834 1322 1874; x_wconf 75' lang='lat' dir='ltr'>regis.</span> <span class='ocrx_word' id='word_1_336' title='bbox 1357 1844 1495 1876; x_wconf 89' lang='lat' dir='ltr'>quorum</span> 
     </span>
     <span class='ocr_line' id='line_1_36' title="bbox 84 1876 1495 1921; baseline 0.004 -14"><span class='ocrx_word' id='word_1_337' title='bbox 84 1876 302 1908; x_wconf 84' lang='lat' dir='ltr'>admiratione</span> <span class='ocrx_word' id='word_1_338' title='bbox 311 1881 445 1908; x_wconf 88' lang='lat' dir='ltr'>coactus</span> <span class='ocrx_word' id='word_1_339' title='bbox 455 1876 626 1908; x_wconf 89' lang='lat' dir='ltr'>Porsenna</span> <span class='ocrx_word' id='word_1_340' title='bbox 644 1877 737 1919; x_wconf 85' lang='lat' dir='ltr'>pacis</span> <span class='ocrx_word' id='word_1_341' title='bbox 755 1877 970 1909; x_wconf 90' lang='lat' dir='ltr'>condiciones</span> <span class='ocrx_word' id='word_1_342' title='bbox 987 1876 1206 1910; x_wconf 78' lang='lat' dir='ltr'>fem-ebenum</span> <span class='ocrx_word' id='word_1_343' title='bbox 1221 1878 1336 1911; x_wconf 86' lang='lat' dir='ltr'>omisit</span> <span class='ocrx_word' id='word_1_344' title='bbox 1349 1880 1495 1921; x_wconf 84' lang='lat' dir='ltr'>acceptis</span> 
     </span>
     <span class='ocr_line' id='line_1_37' title="bbox 85 1921 1493 1966; baseline 0.001 -11"><span class='ocrx_word' id='word_1_345' title='bbox 85 1921 267 1955; x_wconf 88' lang='lat' dir='ltr'>obsidibus.</span> <span class='ocrx_word' id='word_1_346' title='bbox 293 1933 334 1955; x_wconf 73' lang='lat' dir='ltr'>ex</span> <span class='ocrx_word' id='word_1_347' title='bbox 352 1922 468 1966; x_wconf 89' lang='lat' dir='ltr'>quibus</span> <span class='ocrx_word' id='word_1_348' title='bbox 487 1923 584 1963; x_wconf 79' lang='lat' dir='ltr'>virgo</span> <span class='ocrx_word' id='word_1_349' title='bbox 603 1933 667 1954; x_wconf 92' lang='lat' dir='ltr'>una</span> <span class='ocrx_word' id='word_1_350' title='bbox 686 1922 815 1955; x_wconf 88' lang='lat' dir='ltr'>Cloelia</span> <span class='ocrx_word' id='word_1_351' title='bbox 834 1923 980 1965; x_wconf 85' lang='lat' dir='ltr'>deceptis</span> <span class='ocrx_word' id='word_1_352' title='bbox 1000 1924 1193 1956; x_wconf 83' lang='lat' dir='ltr'>custodibus</span> <span class='ocrx_word' id='word_1_353' title='bbox 1211 1934 1270 1966; x_wconf 87' lang='lat' dir='ltr'>per</span> <span class='ocrx_word' id='word_1_354' title='bbox 1287 1923 1435 1957; x_wconf 89' lang='lat' dir='ltr'>Tiberim</span> <span class='ocrx_word' id='word_1_355' title='bbox 1453 1926 1493 1957; x_wconf 84' lang='lat' dir='ltr'>ad</span> 
     </span>
     <span class='ocr_line' id='line_1_38' title="bbox 85 1968 1495 2013; baseline 0.002 -13"><span class='ocrx_word' id='word_1_356' title='bbox 85 1978 162 2000; x_wconf 90' lang='lat' dir='ltr'>suos</span> <span class='ocrx_word' id='word_1_357' title='bbox 180 1969 372 2001; x_wconf 86' lang='lat' dir='ltr'>transnavit</span> <span class='ocrx_word' id='word_1_358' title='bbox 390 1974 434 2010; x_wconf 87' lang='lat' dir='ltr'>et,</span> <span class='ocrx_word' id='word_1_359' title='bbox 453 1979 525 2000; x_wconf 91' lang='lat' dir='ltr'>cum</span> <span class='ocrx_word' id='word_1_360' title='bbox 543 1968 674 2000; x_wconf 85' lang='lat' dir='ltr'>reddita</span> <span class='ocrx_word' id='word_1_361' title='bbox 693 1974 794 2010; x_wconf 86' lang='lat' dir='ltr'>esset,</span> <span class='ocrx_word' id='word_1_362' title='bbox 812 1968 1010 2001; x_wconf 83' lang='lat' dir='ltr'>aPorsenna</span> <span class='ocrx_word' id='word_1_363' title='bbox 1028 1969 1210 2001; x_wconf 87' lang='lat' dir='ltr'>honorifice</span> <span class='ocrx_word' id='word_1_364' title='bbox 1227 1970 1376 2011; x_wconf 87' lang='lat' dir='ltr'>remissa,</span> <span class='ocrx_word' id='word_1_365' title='bbox 1395 1981 1495 2013; x_wconf 85' lang='lat' dir='ltr'>eque-</span> 
     </span>
     <span class='ocr_line' id='line_1_39' title="bbox 86 2014 1495 2058; baseline 0.001 -12"><span class='ocrx_word' id='word_1_366' title='bbox 86 2014 150 2046; x_wconf 85' lang='lat' dir='ltr'>stri</span> <span class='ocrx_word' id='word_1_367' title='bbox 175 2019 287 2046; x_wconf 87' lang='lat' dir='ltr'>statua</span> <span class='ocrx_word' id='word_1_368' title='bbox 312 2015 433 2047; x_wconf 86' lang='lat' dir='ltr'>donata</span> <span class='ocrx_word' id='word_1_369' title='bbox 457 2021 519 2047; x_wconf 85' lang='lat' dir='ltr'>est.</span> <span class='ocrx_word' id='word_1_370' title='bbox 545 2015 707 2047; x_wconf 85' lang='lat' dir='ltr'>adversus</span> <span class='ocrx_word' id='word_1_371' title='bbox 736 2014 953 2057; x_wconf 89' lang='lat' dir='ltr'>Tarquinium</span> <span class='ocrx_word' id='word_1_372' title='bbox 983 2015 1166 2058; x_wconf 86' lang='lat' dir='ltr'>Superbum</span> <span class='ocrx_word' id='word_1_373' title='bbox 1199 2027 1271 2048; x_wconf 85' lang='lat' dir='ltr'>cum</span> <span class='ocrx_word' id='word_1_374' title='bbox 1300 2015 1495 2048; x_wconf 87' lang='lat' dir='ltr'>Latinorum</span> 
     </span>
     <span class='ocr_line' id='line_1_40' title="bbox 86 2060 1492 2104; baseline 0.001 -11"><span class='ocrx_word' id='word_1_375' title='bbox 86 2060 240 2093; x_wconf 83' lang='lat' dir='ltr'>exercitu</span> <span class='ocrx_word' id='word_1_376' title='bbox 264 2060 387 2093; x_wconf 90' lang='lat' dir='ltr'>bellum</span> <span class='ocrx_word' id='word_1_377' title='bbox 405 2060 605 2094; x_wconf 88' lang='lat' dir='ltr'>inferentem</span> <span class='ocrx_word' id='word_1_378' title='bbox 623 2061 729 2092; x_wconf 82' lang='lat' dir='ltr'>Aulus</span> <span class='ocrx_word' id='word_1_379' title='bbox 758 2061 949 2093; x_wconf 85' lang='lat' dir='ltr'>Postumius</span> <span class='ocrx_word' id='word_1_380' title='bbox 968 2061 1115 2094; x_wconf 79' lang='lat' dir='ltr'>dictator</span> <span class='ocrx_word' id='word_1_381' title='bbox 1145 2072 1305 2104; x_wconf 85' lang='lat' dir='ltr'>prospere</span> <span class='ocrx_word' id='word_1_382' title='bbox 1323 2063 1492 2104; x_wconf 50' lang='lat' dir='ltr'>pugnauit.</span> 
     </span>
     <span class='ocr_line' id='line_1_41' title="bbox 87 2104 1492 2151; baseline 0.001 -12"><span class='ocrx_word' id='word_1_383' title='bbox 87 2108 146 2151; x_wconf 73' lang='lat' dir='ltr'>Ap.</span> <span class='ocrx_word' id='word_1_384' title='bbox 166 2104 325 2138; x_wconf 91' lang='lat' dir='ltr'>Claudius</span> <span class='ocrx_word' id='word_1_385' title='bbox 343 2117 385 2138; x_wconf 85' lang='lat' dir='ltr'>ex</span> <span class='ocrx_word' id='word_1_386' title='bbox 402 2107 536 2140; x_wconf 91' lang='lat' dir='ltr'>Sabinis</span> <span class='ocrx_word' id='word_1_387' title='bbox 554 2106 688 2140; x_wconf 85' lang='lat' dir='ltr'>Romam</span> <span class='ocrx_word' id='word_1_388' title='bbox 706 2105 905 2147; x_wconf 84' lang='lat' dir='ltr'>transfugit:</span> <span class='ocrx_word' id='word_1_389' title='bbox 933 2107 972 2138; x_wconf 85' lang='lat' dir='ltr'>ob</span> <span class='ocrx_word' id='word_1_390' title='bbox 991 2108 1053 2139; x_wconf 91' lang='lat' dir='ltr'>hoc</span> <span class='ocrx_word' id='word_1_391' title='bbox 1071 2108 1210 2140; x_wconf 86' lang='lat' dir='ltr'>Claudia</span> <span class='ocrx_word' id='word_1_392' title='bbox 1234 2108 1343 2139; x_wconf 85' lang='lat' dir='ltr'>tribus</span> <span class='ocrx_word' id='word_1_393' title='bbox 1362 2109 1492 2141; x_wconf 85' lang='lat' dir='ltr'>adiecta</span> 
     </span>
     <span class='ocr_line' id='line_1_42' title="bbox 87 2153 1493 2196; baseline 0 -11"><span class='ocrx_word' id='word_1_394' title='bbox 87 2158 120 2185; x_wconf 89' lang='lat' dir='ltr'>et</span> <span class='ocrx_word' id='word_1_395' title='bbox 153 2162 306 2185; x_wconf 89' lang='lat' dir='ltr'>numerus</span> <span class='ocrx_word' id='word_1_396' title='bbox 341 2153 489 2185; x_wconf 84' lang='lat' dir='ltr'>tribuum</span> <span class='ocrx_word' id='word_1_397' title='bbox 514 2153 690 2196; x_wconf 86' lang='lat' dir='ltr'>ampliatus</span> <span class='ocrx_word' id='word_1_398' title='bbox 725 2157 794 2195; x_wconf 90' lang='lat' dir='ltr'>est,</span> <span class='ocrx_word' id='word_1_399' title='bbox 825 2158 862 2185; x_wconf 82' lang='lat' dir='ltr'>ut</span> <span class='ocrx_word' id='word_1_400' title='bbox 896 2158 1007 2185; x_wconf 87' lang='lat' dir='ltr'>essent</span> <span class='ocrx_word' id='word_1_401' title='bbox 1037 2153 1160 2195; x_wconf 81' lang='lat' dir='ltr'>viginti</span> <span class='ocrx_word' id='word_1_402' title='bbox 1190 2165 1264 2186; x_wconf 88' lang='lat' dir='ltr'>una.</span> <span class='ocrx_word' id='word_1_403' title='bbox 1302 2155 1394 2196; x_wconf 88' lang='lat' dir='ltr'>plebs</span> <span class='ocrx_word' id='word_1_404' title='bbox 1421 2165 1493 2186; x_wconf 86' lang='lat' dir='ltr'>cum</span> 
     </span>
     <span class='ocr_line' id='line_1_43' title="bbox 86 2198 1493 2243; baseline -0.001 -11"><span class='ocrx_word' id='word_1_405' title='bbox 86 2204 222 2243; x_wconf 85' lang='lat' dir='ltr'>propter</span> <span class='ocrx_word' id='word_1_406' title='bbox 239 2209 343 2231; x_wconf 82' lang='lat' dir='ltr'>nexos</span> <span class='ocrx_word' id='word_1_407' title='bbox 361 2198 401 2230; x_wconf 92' lang='lat' dir='ltr'>ob</span> <span class='ocrx_word' id='word_1_408' title='bbox 419 2209 476 2231; x_wconf 88' lang='lat' dir='ltr'>aes</span> <span class='ocrx_word' id='word_1_409' title='bbox 493 2199 639 2231; x_wconf 87' lang='lat' dir='ltr'>alienum</span> <span class='ocrx_word' id='word_1_410' title='bbox 656 2199 688 2231; x_wconf 91' lang='lat' dir='ltr'>in</span> <span class='ocrx_word' id='word_1_411' title='bbox 712 2198 848 2231; x_wconf 88' lang='lat' dir='ltr'>Sacrum</span> <span class='ocrx_word' id='word_1_412' title='bbox 866 2204 1008 2232; x_wconf 89' lang='lat' dir='ltr'>montem</span> <span class='ocrx_word' id='word_1_413' title='bbox 1025 2200 1236 2242; x_wconf 88' lang='lat' dir='ltr'>secessisset,</span> <span class='ocrx_word' id='word_1_414' title='bbox 1262 2199 1404 2232; x_wconf 87' lang='lat' dir='ltr'>consilio</span> <span class='ocrx_word' id='word_1_415' title='bbox 1423 2200 1493 2233; x_wconf 86' lang='lat' dir='ltr'>Me-</span> 
     </span>
     <span class='ocr_line' id='line_1_44' title="bbox 86 2245 1492 2288; baseline 0 -10"><span class='ocrx_word' id='word_1_416' title='bbox 86 2245 163 2278; x_wconf 91' lang='lat' dir='ltr'>neni</span> <span class='ocrx_word' id='word_1_417' title='bbox 192 2245 357 2288; x_wconf 86' lang='lat' dir='ltr'>Agrippae</span> <span class='ocrx_word' id='word_1_418' title='bbox 383 2254 402 2276; x_wconf 91' lang='lat' dir='ltr'>a</span> <span class='ocrx_word' id='word_1_419' title='bbox 430 2245 595 2277; x_wconf 87' lang='lat' dir='ltr'>seditione</span> <span class='ocrx_word' id='word_1_420' title='bbox 620 2249 778 2277; x_wconf 85' lang='lat' dir='ltr'>revocata</span> <span class='ocrx_word' id='word_1_421' title='bbox 805 2249 867 2277; x_wconf 88' lang='lat' dir='ltr'>est.</span> <span class='ocrx_word' id='word_1_422' title='bbox 894 2245 980 2277; x_wconf 88' lang='lat' dir='ltr'>idem</span> <span class='ocrx_word' id='word_1_423' title='bbox 1003 2246 1149 2288; x_wconf 81' lang='lat' dir='ltr'>Agrippa</span> <span class='ocrx_word' id='word_1_424' title='bbox 1180 2256 1252 2278; x_wconf 88' lang='lat' dir='ltr'>cum</span> <span class='ocrx_word' id='word_1_425' title='bbox 1279 2246 1492 2285; x_wconf 85' lang='lat' dir='ltr'>decessisset,</span> 
     </span>
     <span class='ocr_line' id='line_1_45' title="bbox 84 2290 1489 2336; baseline -0.001 -11"><span class='ocrx_word' id='word_1_426' title='bbox 84 2297 221 2336; x_wconf 88' lang='lat' dir='ltr'>propter</span> <span class='ocrx_word' id='word_1_427' title='bbox 246 2295 476 2333; x_wconf 88' lang='lat' dir='ltr'>paupertatem</span> <span class='ocrx_word' id='word_1_428' title='bbox 502 2290 635 2333; x_wconf 89' lang='lat' dir='ltr'>publico</span> <span class='ocrx_word' id='word_1_429' title='bbox 662 2291 815 2333; x_wconf 88' lang='lat' dir='ltr'>inpendio</span> <span class='ocrx_word' id='word_1_430' title='bbox 843 2291 950 2324; x_wconf 90' lang='lat' dir='ltr'>elatus</span> <span class='ocrx_word' id='word_1_431' title='bbox 976 2296 1039 2324; x_wconf 88' lang='lat' dir='ltr'>est.</span> <span class='ocrx_word' id='word_1_432' title='bbox 1065 2292 1192 2324; x_wconf 90' lang='lat' dir='ltr'>tribuni</span> <span class='ocrx_word' id='word_1_433' title='bbox 1219 2291 1327 2333; x_wconf 88' lang='lat' dir='ltr'>plebis</span> <span class='ocrx_word' id='word_1_434' title='bbox 1347 2292 1489 2334; x_wconf 85' lang='lat' dir='ltr'>quinque</span> 
     </span>
     <span class='ocr_line' id='line_1_46' title="bbox 86 2336 1489 2380; baseline -0.002 -9"><span class='ocrx_word' id='word_1_435' title='bbox 86 2338 192 2371; x_wconf 88' lang='lat' dir='ltr'>creati</span> <span class='ocrx_word' id='word_1_436' title='bbox 210 2341 296 2370; x_wconf 89' lang='lat' dir='ltr'>sunt.</span> <span class='ocrx_word' id='word_1_437' title='bbox 324 2336 477 2379; x_wconf 88' lang='lat' dir='ltr'>oppidum</span> <span class='ocrx_word' id='word_1_438' title='bbox 496 2336 697 2370; x_wconf 87' lang='lat' dir='ltr'>Vulscorum</span> <span class='ocrx_word' id='word_1_439' title='bbox 715 2337 845 2369; x_wconf 90' lang='lat' dir='ltr'>Corioli</span> <span class='ocrx_word' id='word_1_440' title='bbox 870 2343 1000 2379; x_wconf 88' lang='lat' dir='ltr'>captum</span> <span class='ocrx_word' id='word_1_441' title='bbox 1024 2342 1077 2370; x_wconf 88' lang='lat' dir='ltr'>est</span> <span class='ocrx_word' id='word_1_442' title='bbox 1100 2337 1229 2369; x_wconf 87' lang='lat' dir='ltr'>virtute</span> <span class='ocrx_word' id='word_1_443' title='bbox 1248 2342 1282 2369; x_wconf 86' lang='lat' dir='ltr'>et</span> <span class='ocrx_word' id='word_1_444' title='bbox 1311 2347 1411 2380; x_wconf 90' lang='lat' dir='ltr'>opera</span> <span class='ocrx_word' id='word_1_445' title='bbox 1432 2338 1489 2369; x_wconf 92' lang='lat' dir='ltr'>Cn.</span> 
     </span>
     <span class='ocr_line' id='line_1_47' title="bbox 85 2382 1490 2426; baseline -0.002 -10"><span class='ocrx_word' id='word_1_446' title='bbox 85 2383 202 2425; x_wconf 86' lang='lat' dir='ltr'>Marci,</span> <span class='ocrx_word' id='word_1_447' title='bbox 222 2383 277 2426; x_wconf 91' lang='lat' dir='ltr'>qui</span> <span class='ocrx_word' id='word_1_448' title='bbox 295 2382 334 2414; x_wconf 90' lang='lat' dir='ltr'>ob</span> <span class='ocrx_word' id='word_1_449' title='bbox 352 2382 414 2414; x_wconf 92' lang='lat' dir='ltr'>hoc</span> <span class='ocrx_word' id='word_1_450' title='bbox 425 2382 624 2414; x_wconf 86' lang='lat' dir='ltr'>Coriolanus</span> <span class='ocrx_word' id='word_1_451' title='bbox 641 2386 780 2415; x_wconf 86' lang='lat' dir='ltr'>vocatus</span> <span class='ocrx_word' id='word_1_452' title='bbox 799 2387 861 2415; x_wconf 86' lang='lat' dir='ltr'>est.</span> <span class='ocrx_word' id='word_1_453' title='bbox 886 2383 923 2415; x_wconf 94' lang='lat' dir='ltr'>T.</span> <span class='ocrx_word' id='word_1_454' title='bbox 935 2382 1098 2421; x_wconf 88' lang='lat' dir='ltr'>Latinius,</span> <span class='ocrx_word' id='word_1_455' title='bbox 1118 2384 1174 2416; x_wconf 92' lang='lat' dir='ltr'>vir</span> <span class='ocrx_word' id='word_1_456' title='bbox 1192 2384 1230 2415; x_wconf 89' lang='lat' dir='ltr'>de</span> <span class='ocrx_word' id='word_1_457' title='bbox 1247 2383 1351 2425; x_wconf 83' lang='lat' dir='ltr'>plebe,</span> <span class='ocrx_word' id='word_1_458' title='bbox 1368 2394 1438 2415; x_wconf 85' lang='lat' dir='ltr'>cum</span> <span class='ocrx_word' id='word_1_459' title='bbox 1458 2382 1490 2414; x_wconf 86' lang='lat' dir='ltr'>in</span> 
     </span>
     <span class='ocr_line' id='line_1_48' title="bbox 84 2427 1490 2472; baseline -0.002 -10"><span class='ocrx_word' id='word_1_460' title='bbox 84 2430 160 2462; x_wconf 90' lang='lat' dir='ltr'>visu</span> <span class='ocrx_word' id='word_1_461' title='bbox 177 2428 377 2470; x_wconf 89' lang='lat' dir='ltr'>admonitus,</span> <span class='ocrx_word' id='word_1_462' title='bbox 396 2433 432 2460; x_wconf 91' lang='lat' dir='ltr'>ut</span> <span class='ocrx_word' id='word_1_463' title='bbox 448 2429 486 2460; x_wconf 87' lang='lat' dir='ltr'>de</span> <span class='ocrx_word' id='word_1_464' title='bbox 505 2428 698 2471; x_wconf 84' lang='lat' dir='ltr'>quibusdam</span> <span class='ocrx_word' id='word_1_465' title='bbox 721 2427 942 2469; x_wconf 86' lang='lat' dir='ltr'>religionibus</span> <span class='ocrx_word' id='word_1_466' title='bbox 960 2430 1000 2461; x_wconf 89' lang='lat' dir='ltr'>ad</span> <span class='ocrx_word' id='word_1_467' title='bbox 1019 2434 1168 2461; x_wconf 86' lang='lat' dir='ltr'>senatum</span> <span class='ocrx_word' id='word_1_468' title='bbox 1185 2428 1360 2472; x_wconf 87' lang='lat' dir='ltr'>perferret,</span> <span class='ocrx_word' id='word_1_469' title='bbox 1382 2429 1413 2460; x_wconf 91' lang='lat' dir='ltr'>id</span> <span class='ocrx_word' id='word_1_470' title='bbox 1433 2438 1490 2459; x_wconf 90' lang='lat' dir='ltr'>ne-</span> 
     </span>
     <span class='ocr_line' id='line_1_49' title="bbox 85 2473 1492 2518; baseline -0.001 -11"><span class='ocrx_word' id='word_1_471' title='bbox 85 2475 260 2517; x_wconf 85' lang='lat' dir='ltr'>glexisset,</span> <span class='ocrx_word' id='word_1_472' title='bbox 277 2475 400 2506; x_wconf 90' lang='lat' dir='ltr'>amisso</span> <span class='ocrx_word' id='word_1_473' title='bbox 420 2474 487 2506; x_wconf 87' lang='lat' dir='ltr'>filio</span> <span class='ocrx_word' id='word_1_474' title='bbox 506 2474 643 2516; x_wconf 83' lang='lat' dir='ltr'>pedibus</span> <span class='ocrx_word' id='word_1_475' title='bbox 663 2473 781 2506; x_wconf 91' lang='lat' dir='ltr'>debilis</span> <span class='ocrx_word' id='word_1_476' title='bbox 800 2473 918 2515; x_wconf 85' lang='lat' dir='ltr'>factus,</span> <span class='ocrx_word' id='word_1_477' title='bbox 942 2481 1113 2518; x_wconf 85' lang='lat' dir='ltr'>postquam</span> <span class='ocrx_word' id='word_1_478' title='bbox 1132 2476 1263 2507; x_wconf 89' lang='lat' dir='ltr'>delatus</span> <span class='ocrx_word' id='word_1_479' title='bbox 1281 2475 1319 2505; x_wconf 86' lang='lat' dir='ltr'>ad</span> <span class='ocrx_word' id='word_1_480' title='bbox 1341 2478 1492 2506; x_wconf 84' lang='lat' dir='ltr'>senatum</span> 
     </span>
     <span class='ocr_line' id='line_1_50' title="bbox 88 2520 1491 2563; baseline -0.001 -11"><span class='ocrx_word' id='word_1_481' title='bbox 88 2521 208 2553; x_wconf 85' lang='lat' dir='ltr'>lectica</span> <span class='ocrx_word' id='word_1_482' title='bbox 225 2520 337 2553; x_wconf 90' lang='lat' dir='ltr'>eadem</span> <span class='ocrx_word' id='word_1_483' title='bbox 351 2520 412 2552; x_wconf 89' lang='lat' dir='ltr'>illa</span> <span class='ocrx_word' id='word_1_484' title='bbox 425 2520 646 2561; x_wconf 72' lang='lat' dir='ltr'>indicaverat,</span> <span class='ocrx_word' id='word_1_485' title='bbox 668 2530 729 2551; x_wconf 94' lang='lat' dir='ltr'>usu</span> <span class='ocrx_word' id='word_1_486' title='bbox 743 2520 859 2562; x_wconf 88' lang='lat' dir='ltr'>pedum</span> <span class='ocrx_word' id='word_1_487' title='bbox 875 2526 1009 2563; x_wconf 86' lang='lat' dir='ltr'>recepto</span> <span class='ocrx_word' id='word_1_488' title='bbox 1021 2522 1149 2553; x_wconf 88' lang='lat' dir='ltr'>domum</span> <span class='ocrx_word' id='word_1_489' title='bbox 1164 2530 1322 2553; x_wconf 87' lang='lat' dir='ltr'>reversus</span> <span class='ocrx_word' id='word_1_490' title='bbox 1338 2524 1400 2551; x_wconf 79' lang='lat' dir='ltr'>est.</span> <span class='ocrx_word' id='word_1_491' title='bbox 1419 2529 1491 2550; x_wconf 88' lang='lat' dir='ltr'>cum</span> 
     </span>
     <span class='ocr_line' id='line_1_51' title="bbox 87 2563 1490 2610; baseline -0.001 -13"><span class='ocrx_word' id='word_1_492' title='bbox 87 2568 142 2598; x_wconf 72' lang='lat' dir='ltr'>Cn.</span> <span class='ocrx_word' id='word_1_493' title='bbox 161 2566 306 2599; x_wconf 85' lang='lat' dir='ltr'>Marcius</span> <span class='ocrx_word' id='word_1_494' title='bbox 324 2566 534 2609; x_wconf 89' lang='lat' dir='ltr'>Coriolanus,</span> <span class='ocrx_word' id='word_1_495' title='bbox 550 2566 605 2608; x_wconf 89' lang='lat' dir='ltr'>qui</span> <span class='ocrx_word' id='word_1_496' title='bbox 623 2566 656 2598; x_wconf 91' lang='lat' dir='ltr'>in</span> <span class='ocrx_word' id='word_1_497' title='bbox 675 2566 813 2598; x_wconf 87' lang='lat' dir='ltr'>exilium</span> <span class='ocrx_word' id='word_1_498' title='bbox 831 2572 905 2599; x_wconf 87' lang='lat' dir='ltr'>erat</span> <span class='ocrx_word' id='word_1_499' title='bbox 922 2567 1047 2610; x_wconf 90' lang='lat' dir='ltr'>pulsus,</span> <span class='ocrx_word' id='word_1_500' title='bbox 1076 2567 1143 2599; x_wconf 81' lang='lat' dir='ltr'>dux</span> <span class='ocrx_word' id='word_1_501' title='bbox 1162 2566 1363 2597; x_wconf 81' lang='lat' dir='ltr'>Vulscorum</span> <span class='ocrx_word' id='word_1_502' title='bbox 1381 2563 1490 2596; x_wconf 82' lang='lat' dir='ltr'>factus</span> 
     </span>
    </p>
   </div>
   <div class='ocr_carea' id='block_1_5' title="bbox 1144 2621 1210 2655">
    <p class='ocr_par' dir='ltr' id='par_1_5' title="bbox 1144 2621 1210 2655">
     <span class='ocr_line' id='line_1_52' title="bbox 1144 2621 1210 2655; baseline 0 0"><span class='ocrx_word' id='word_1_503' title='bbox 1144 2621 1210 2655; x_wconf 73' lang='lat'>23*</span> 
     </span>
    </p>
   </div>
  </div>
 </body>
</html>
