1698 2864
659 218 787 252 LIBER
812 218 867 253 IV.
906 219 1004 252 CAP.
1029 219 1083 252 28.
1107 218 1163 252 29.
1450 235 1475 253 a.
1495 235 1524 253 u.
1544 228 1607 254 323.

209 223 286 264 198

157 331 177 363 2
206 324 321 376 pidos
347 322 424 362 iam
453 322 588 361 hostes
614 321 777 369 fecerat,
806 321 969 361 dictator
999 325 1148 369 autem,
1171 326 1279 373 parte
1300 321 1416 360 altera
1437 320 1610 361 subsidia

206 385 243 419 et
264 379 474 418 secundam
497 379 616 418 aciem
638 379 812 425 adortUS,
835 377 1112 428 circumagenti
1133 391 1174 417 se
1195 378 1242 417 ad
1264 378 1447 417 dissonos
1464 377 1608 416 clamo-

203 448 265 475 res
287 448 331 475 ac
348 435 499 475 subitos
519 435 707 474 tumultus
724 435 827 473 hosti
845 435 1014 485 undique
1031 434 1224 473 obiecerat
1238 435 1424 473 victorem
1441 433 1609 485 peditem

155 501 175 532 3
205 492 464 544 equitemque.
510 491 759 531 circumventi
786 490 902 541 igitur
929 491 1004 529 iam
1035 491 1074 529 in
1102 491 1230 529 medio
1258 491 1305 530 ad
1326 503 1450 530 unum
1471 502 1608 529 omnes

203 560 349 600 poenas
370 548 589 588 rebellionis
617 548 828 594 dedissent,
855 548 895 586 ni
916 547 1061 586 Vettius
1082 548 1245 587 Messius
1276 560 1321 585 ex
1344 547 1511 593 Volscis,
1534 551 1608 585 'no-

205 605 319 644 bilior
347 605 402 643 vir
428 605 538 644 factis
561 617 677 656 quam
706 616 864 655 genere,
889 604 964 642 iam
995 604 1128 642 orbem
1150 604 1343 642 volventes
1366 615 1460 642 suos
1483 603 1608 641 incre-

155 674 177 702 4
206 673 304 712 pans
333 662 431 700 clara
459 674 554 700 voce
583 661 673 708 „hic
693 660 927 711 praebiturr‘
950 660 1075 710 inquit
1095 672 1192 705 „vos
1214 659 1299 698 telis
1320 659 1492 697 hostium
1515 659 1608 697 estis

203 718 406 765 indefensi,
427 715 572 756 inulti?

205 774 408 820 intulistis,
438 773 477 811 in
509 773 589 811 otio
621 772 867 819 tumultuosi,
895 772 935 810 in
961 772 1059 810 bello
1083 770 1251 821 segnes?
1275 770 1364 822 quid
1385 772 1449 810 hic
1470 771 1608 810 stanti-

156 842 174 872 5
205 830 277 869 bus
308 830 390 881 spei
417 828 506 868 est?
535 840 583 868 an
612 829 726 868 deum
755 828 920 879 aliquem
948 833 1216 879 protecturum
1238 840 1306 866 vos
1328 832 1609 879 rapturumque

202 886 295 925 hinc
321 884 494 936 putatis?
521 885 623 924 ferro
654 885 713 923 via
740 884 913 923 facienda
942 889 1011 923 est.
1052 885 1139 931 hac,
1161 897 1234 935 qua
1251 897 1312 922 me
1333 896 1608 935 praegressum

203 942 390 989 videritis,
413 942 522 993 agite,
545 942 610 992 qui
631 941 750 980 visuri
771 941 912 980 domos
934 946 1113 992 parentes
1136 940 1320 991 coniuges
1341 940 1485 979 liberos
1504 941 1607 987 estis,

200 999 252 1038 ite
278 1011 441 1038 meeum.
481 1010 561 1037 non
581 1010 716 1037 murus
738 1009 810 1036 nec
831 998 987 1044 vallum,
1009 998 1078 1036 sed
1100 997 1235 1036 armati
1256 997 1414 1036 armatis
1438 997 1606 1036 obstant.

202 1055 341 1094 virtute
358 1067 489 1106 pares,
512 1055 759 1101 necessitate,
781 1066 878 1104 quae
899 1054 1078 1092 ultimum
1099 1065 1142 1091 ac
1162 1053 1373 1091 maximum
1394 1053 1514 1091 telum
1535 1059 1605 1096 est,

155 1120 175 1152 6
205 1113 426 1162 superiores
454 1111 588 1149 estis.“
628 1112 721 1149 haec
745 1111 917 1149 locutum
940 1114 1291 1160 exsequentemque
1313 1109 1412 1148 dicta
1433 1109 1606 1148 redinte-

204 1173 312 1219 grato
349 1168 515 1206 clamore
542 1167 664 1206 secuti
690 1167 782 1205 dant
809 1166 1116 1217 inpressionem,
1143 1178 1216 1216 qua
1236 1165 1464 1204 Postumius
1487 1165 1605 1204 Albus

205 1225 387 1263 cohortes
410 1224 619 1270 obiecerat3
641 1229 678 1262 et
698 1228 905 1261 moverunt
925 1223 1120 1268 victorem,
1142 1222 1265 1260 donec
1286 1222 1451 1260 dictator
1468 1221 1606 1271 pedem

202 1281 277 1319 iam
300 1280 554 1318 referentibus
578 1280 658 1318 suis
680 1279 844 1324 advenit,
869 1291 992 1329 eoque
1014 1290 1130 1316 omne
1151 1278 1341 1329 proelium
1363 1289 1517 1316 versum
1532 1283 1605 1316 est.

156 1348 173 1379 7
202 1337 270 1376 uni
294 1337 388 1383 viro,
409 1337 563 1381 Messio,
584 1336 740 1375 fortuna
756 1335 930 1374 hostium
948 1335 1137 1373 innititur.
1175 1334 1293 1373 multa
1310 1334 1506 1384 utrimque
1523 1334 1606 1372 vul-

202 1405 311 1441 nera,
340 1393 458 1431 multa
490 1393 636 1443 passim
666 1392 802 1431 caedes
832 1396 900 1430 est.
952 1392 1026 1430 iam
1054 1403 1102 1429 ne
1124 1391 1240 1429 duces
1263 1390 1419 1441 quidem
1440 1390 1607 1429 Romani

155 1459 174 1490 8
203 1449 395 1489 incruenti
423 1454 610 1499 pugnant.
656 1460 759 1487 unus
782 1448 1007 1487 Postumius
1033 1447 1131 1486 ictus
1154 1459 1245 1486 saxo
1270 1446 1460 1497 perfracto
1484 1447 1606 1497 capite

202 1506 280 1545 acie
308 1506 483 1544 excessit.
529 1517 610 1544 non
640 1505 867 1544 dictatorem
896 1516 1055 1543 umerus
1077 1504 1317 1548 vulneratus,
1341 1514 1421 1541 non
1443 1502 1605 1541 Fabium

202 1575 325 1613 prope
353 1563 521 1601 adfixum
549 1574 650 1613 equo
680 1562 827 1609 femur,
861 1572 941 1599 non
964 1560 1164 1599 brachium
1188 1559 1381 1598 abscisum
1405 1558 1606 1598 consulem

117 1624 172 1662 29
202 1631 246 1657 ex
267 1624 345 1658 tam
368 1618 524 1669 ancipiti
545 1618 691 1669 proelio
710 1617 933 1656 summovit.
976 1616 1161 1655 Messium
1183 1616 1351 1667 impetus
1374 1627 1442 1666 per
1463 1619 1605 1654 stratos

199 1675 313 1714 caede
334 1676 468 1714 hostes
492 1687 578 1714 cum
600 1674 715 1725 globo
736 1673 1044 1712 fortissimorum
1066 1673 1247 1712 iuvenum
1271 1672 1403 1711 extulit
1417 1672 1464 1710 ad
1482 1676 1607 1710 castra

200 1731 443 1777 Volscorum,
465 1744 560 1782 quae
582 1731 757 1769 nondum
781 1736 890 1781 capta
908 1735 1026 1768 erant.
1063 1729 1203 1767 eodem
1226 1729 1353 1767 omnis
1371 1728 1470 1767 acies
1493 1728 1605 1766 incli-

201 1835 240 1873 43
267 1833 298 1872 3,
317 1834 353 1874 5,
376 1834 414 1864 10
438 1844 469 1865 u.
487 1843 517 1864 a
528 1844 536 1870 ς
569 1833 640 1864 hier
664 1832 728 1863 wol
752 1842 867 1871 wegen

201 1881 259 1912 des
277 1877 355 1919 fulg.
366 1880 519 1921 fecerat.
558 1878 623 1909 Dan
608 1888 712 1930 gegen
732 1878 776 1908 ist
792 1875 813 1918 ξ
831 1876 868 1908 6;

942 1831 1039 1863 India
1057 1830 1261 1874 elephantos.
1275 1850 1317 1853 —
1335 1832 1446 1862 orbem
1463 1829 1558 1868 volu,
1577 1840 1604 1861 c.

942 1876 995 1917 39,
1015 1876 1045 1907 4.
1063 1894 1107 1899 —
1124 1878 1231 1918 inquit
1253 1875 1410 1906 schliesst
1429 1875 1498 1906 sich
1517 1875 1606 1906 nieht

604 716 694 767 quid
716 716 832 766 igitur
849 728 955 755 arma
970 716 1134 762 habetis,
1156 720 1220 754 aut
1241 715 1331 766 quid
1351 715 1449 753 ultro
1466 715 1605 754 bellum
1663 733 1666 735 >

199 1926 445 2008 gipggssionefn
463 1924 544 1956 dare
564 1928 605 1955 st.
605 1924 869 1999 ξηιρνῂῘαῗνε,

331 1979 338 1999 ι
391 1980 441 2000 ein
472 1970 610 2008 ungewo'
637 1979 655 1998 n
673 1979 700 1999 ic
724 1978 760 1999 er
814 1977 869 1998 us-

199 1994 316 2046 d'ruck.
335 2032 378 2036 ——
395 2017 492 2057 parte
508 2014 582 2053 alt„
607 2011 656 2044 oft
680 2013 768 2044 steht
792 2021 867 2053 pars

200 2060 259 2091 mit
276 2059 380 2089 einem
398 2059 570 2090 Attribut
564 2069 593 2089 in
613 2058 752 2089 localem
766 2056 867 2088 Sinne

201 2105 286 2136 ohne
304 2103 460 2145 Ρν3ροε.,
479 2114 505 2134 s.
524 2114 550 2134 c
569 2103 600 2142 9,
623 2103 679 2140 143
706 2102 760 2141 29,
778 2101 815 2138 2·
835 2100 867 2141 6,

201 2125 686 2190 31,;610,31,2;21,’,’;82
712 2125 867 2187 24',14,1

200 2205 232 2225 u.
256 2203 287 2224 a.
313 2211 356 2216 —
379 2192 531 2224 subsidia
560 2171 649 2223 stelit
673 2170 733 2222 der
755 2193 867 2234 prima

198 2240 287 2271 acies
305 2242 487 2277 entgegeu,
506 2248 532 2269 s.
552 2236 582 2277 2,
602 2236 655 2277 20,
675 2237 710 2274 7;
736 2235 764 2273 6,
785 2235 814 2274 8,
834 2236 865 2275 4,

201 2284 303 2316 daher
331 2283 376 2314 ist
399 2286 431 2314 et
452 2292 516 2314 sec.
541 2284 645 2313 aciem
668 2281 717 2312 als
742 2281 867 2312 Erkl‘zi-

200 2338 286 2368 rung
299 2329 405 2359 davon
422 2338 463 2358 zu
478 2328 684 2365 betrachtem
699 2337 725 2358 s.
742 2327 795 2365 21,
811 2325 864 2366 46,

202 2375 232 2406 6.
250 2392 294 2396 -
312 2374 385 2405 sub.
411 2373 560 2412 tumult„
586 2371 646 2411 40,
665 2371 716 2410 39,
737 2371 771 2402 7:
793 2372 866 2414 pri-

201 2429 275 2452 mos
291 2418 467 2450 tmnultus.

247 2464 266 2495 3
279 2483 301 2486 —
315 2464 344 2495 5.
364 2463 521 2503 Messius,
539 2463 612 2493 eine
631 2462 752 2493 andere
767 2460 866 2492 Form

201 2508 255 2541 fiir
273 2507 424 2548 Mettius,
447 2509 473 2546 l,
494 2507 552 2547 12,
571 2508 633 2538 wie
653 2506 796 2538 Clausus
813 2504 867 2537 fiir

204 2554 374 2591 Claudius,
395 2564 422 2585 s.
440 2553 644 2591 Mezentius,
666 2552 693 2592 1,
712 2551 742 2583 3.
761 2569 806 2575 —
822 2562 866 2583 ez

202 2599 331 2639 Volso„
348 2599 534 2640 attributiv,
552 2597 604 2637 29,
624 2597 673 2638 32,
697 2597 730 2628 1:
753 2597 866 2628 Bucar

202 2655 247 2676 ea*
268 2645 458 2687 praefectis
474 2644 597 2686 reg-iis,
616 2642 669 2684 35,
689 2641 741 2683 32,
761 2642 796 2673 4:
821 2653 866 2674 εει·

943 1921 1083 1963 passend
1100 1931 1139 1951 an
1158 1923 1194 1952 ni
1209 1920 1351 1953 Vettius
1371 1925 1435 1952 etc.
1453 1930 1508 1960 an,
1526 1930 1605 1951 son-

941 1967 1021 1997 dern
1036 1975 1107 1996 man
1123 1966 1264 1996 miisste:
1278 1967 1510 2008 increpuisset,
1525 1966 1606 1997 oder

940 2011 1003 2041 wie
1022 2010 1052 2049 2,
1074 2010 1178 2052 lor-2¹
1198 2011 1352 2052 suisset,
1375 2011 1459 2042 daun
1476 2013 1605 2042 τῖς-ἰη-

940 2057 1013 2097 quit
1030 2060 1209 2086 erwarten.
1232 2073 1275 2078 —
1296 2058 1329 2087 in
1349 2058 1415 2087 otio
1434 2061 1514 2096 etc.‚
1540 2056 1607 2096 vgl.

940 2100 992 2137 27,
1016 2100 1067 2138 14,
1088 2100 1116 2132 1.
1138 2118 1182 2122 -—
1205 2100 1306 2132 deum
1329 2101 1370 2132 al.
1396 2106 1476 2141 etc.,
1501 2100 1555 2141 22,
1573 2103 1604 2141 5,

940 2145 971 2176 2.
990 2163 1034 2168 —
1050 2146 1111 2176 luzo
1134 2150 1211 2186 etc„
1237 2146 1266 2185 7,
1291 2145 1343 2185 33,
1372 2146 1422 2177 10.
1447 2165 1487 2169 -
1509 2157 1604 2188 quae,

939 2190 1006 2230 vgl.
1025 2189 1055 2230 3,
1074 2189 1126 2229 38,
1145 2190 1175 2222 3.
1193 2209 1238 2214 —
1256 2190 1367 2230 telum,
1387 2202 1414 2222 s.
1433 2191 1463 2232 3,
1482 2191 1535 2232 69,
1550 2191 1580 2223 2.

984 2255 1083 2287 6-8.
1126 2259 1444 2299 eac-sequentemque,
1485 2255 1534 2287 als
1568 2266 1606 2287 er

937 2300 1159 2332 auszuffihren
1189 2302 1326 2342 begann.
1357 2319 1401 2324 —
1428 2304 1607 2333 moverunt

940 2357 970 2377 n.
985 2346 1110 2388 gradu,
1127 2347 1214 2387 Ioco,
1235 2347 1459 2387 verdriingten
1478 2348 1526 2377 sie
1544 2356 1603 2377 aus

939 2392 1030 2422 ihrer
1053 2391 1218 2432 Stellung.
1245 2410 1283 2414 —
1307 2395 1366 2424 uni
1381 2402 1428 2432 v.,
1450 2391 1481 2430 2,
1504 2390 1553 2431 10,
1573 2391 1604 2422 2.

937 2454 982 2459 —-
1005 2447 1108 2478 unus,
1131 2437 1212 2468 aber
1235 2448 1312 2476 nur,
1337 2448 1364 2468 s.
1388 2436 1420 2476 3,
1439 2436 1493 2476 56,
1511 2436 1543 2468 4.
1565 2455 1604 2459 —

938 2482 1293 2521 umerus=lzzm1erus3
1312 2492 1372 2513 zur
1385 2481 1604 2522 Schilderung

939 2527 1004 2566 vgl.
1024 2526 1054 2565 2,
1077 2526 1146 2558 19f.

983 2588 1052 2626 29.
1091 2594 1176 2627 1—3.
1215 2595 1354 2633 eoetulz't,
1385 2594 1422 2635 3,
1448 2595 1477 2631 5,
1503 2594 1534 2625 6.
1560 2613 1604 2618 -—

930 2639 1043 2681 globo,
1061 2641 1133 2672 hier
1149 2651 1227 2672 nur:
1247 2640 1381 2681 Schaar,
1399 2650 1425 2671 s.
1444 2639 1551 2682 Marq.
1571 2640 1602 2680 3,
