1698 2864
49 211 75 230 a.
91 202 145 229 ch.
156 202 218 228 395.
240 203 301 228 394.

515 193 641 226 LIBER
660 193 701 227 V.
755 192 849 225 CAP.
868 193 981 226 2526.

1369 195 1449 235 313

47 295 94 333 ad
116 294 278 333 nihilum
300 295 510 346 redegisse.
549 295 727 334 absentes
743 295 923 334 ferociter
938 295 1156 347 increpant3
1178 296 1453 347 praesentium,

48 362 136 389 cum
159 363 200 390 se
220 351 320 390 ultro
342 351 449 390 iratis
472 351 667 398 offerrent,
689 351 959 390 verecundiam
979 351 1132 391 hahent.
1174 352 1288 392 simul
1309 354 1454 392 extrahi
1484 360 1523 392 13

46 419 130 446 rem
151 420 196 445 ex
218 420 263 446 eo
286 420 388 446 anno
409 407 599 454 viderunt,
625 407 804 446 tribunos
827 407 950 459 plebis
972 407 1112 447 latores
1133 409 1226 459 legis
1248 409 1286 448 in
1309 422 1451 449 annum

46 463 204 502 eosdem
227 464 415 502 reficiunt.
453 468 491 502 et
510 468 638 514 patres
659 464 736 502 hoo
751 463 853 502 idem
872 464 917 502 de
933 463 1254 504 intercessoribus
1271 466 1366 516 legis
1383 467 1452 506 ad—

46 519 135 558 nisi.
176 519 227 558 ita
248 519 391 559 tribuni
412 519 535 570 plebis
557 532 695 571 magna
718 533 761 558 ex
783 524 891 571 parte
912 520 1013 558 idem
1035 520 1180 559 refecti.

161 575 334 615 Comitiis
364 576 613 615 tribunorum
635 576 799 615 militum
822 581 951 627 patres
974 589 1127 615 summa
1151 589 1224 628 ope
1245 579 1451 626 evicerunt,
1480 582 1534 620 26

45 636 89 670 ut
109 631 157 670 M.
173 632 314 671 Furius
333 632 511 671 Camillus
535 637 737 672 crearetur.
775 638 936 684 propter
957 632 1053 671 bella
1075 633 1307 672 simulabant
1326 635 1453 685 parari

47 687 216 735 ducem,
234 689 302 727 sed
329 689 523 740 largitioni
550 689 775 728 tribuniciae
797 689 1035 728 adversarius
1059 690 1324 740 quaerebatur.
1366 703 1453 729 cum
1482 698 1501 730 2

47 743 204 782 Camillo
228 745 343 784 creati
364 745 508 784 tribuni
531 745 694 784 militum
718 746 912 784 consulari
934 751 1125 797 potestate
1145 746 1186 784 L.
1208 746 1349 786 Furius
1372 747 1454 786 Me-

46 799 213 839 dullinus
236 806 387 841 sextum
411 802 448 840 C.
471 802 655 841 Aemilius
677 802 718 840 L.
736 802 911 841 Valerius
926 802 1123 845 Publicola
1141 803 1207 853 Sp.
1227 803 1451 843 Postumius

45 856 86 896 P.
110 856 309 896 Cornelius
337 858 488 897 iterum.
529 858 721 909 principio
755 859 844 897 anni
871 859 1015 897 tribuni
1043 859 1164 910 plebis
1196 859 1291 898 nihil
1319 872 1454 899 move-
1481 869 1499 900 3

44 917 148 959 runt,
172 914 297 953 donec
318 914 364 953 M.
386 914 527 953 Furius
550 915 731 954 Camillus
753 915 792 953 in
813 915 1006 960 Faliscos,
1038 916 1097 954 cui
1119 915 1154 954 id
1178 915 1318 954 bellum
1341 928 1454 955 man-

45 969 178 1008 datum
208 975 307 1017 erat,
336 971 654 1021 proficisceretur.
705 971 916 1010 differendo
948 972 1086 1010 deinde
1117 971 1283 1022 elanguit
1308 985 1388 1018 res,
1417 978 1453 1011 et

44 1025 214 1073 Camillo,
238 1039 351 1077 quem
375 1027 636 1065 adversarium
660 1028 825 1065 maxime
846 1032 1072 1073 metuerant,
1097 1027 1216 1077 gloria
1238 1028 1276 1066 in
1294 1028 1451 1067 Faliscis

44 1081 176 1120 crevit.
212 1094 300 1120 nam
324 1094 411 1121 cum
433 1082 560 1134 primo
584 1083 788 1121 moenibus
813 1095 854 1121 se
871 1083 1005 1122 hostes
1022 1088 1197 1122 tenerent
1213 1084 1451 1123 tutissimum
1480 1096 1501 1127 4

43 1137 81 1176 id
104 1138 194 1185 rati,
221 1139 472 1189 populatione
494 1151 676 1190 agrorum
700 1145 812 1191 atque
833 1139 1021 1178 incendiis
1043 1140 1216 1178 villarum
1238 1140 1363 1190 coegit
1383 1154 1450 1179 eos

42 1194 171 1244 egredi
198 1194 304 1233 urbe.
353 1195 419 1233 sed
448 1196 566 1234 timor
594 1195 747 1246 longius
777 1196 960 1247 progredi
990 1196 1206 1247 prohibuit:
1245 1197 1346 1235 mille
1371 1197 1451 1236 fere
1478 1207 1496 1238 5

42 1262 204 1301 passum
234 1250 279 1290 ab
309 1251 453 1303 oppido
484 1257 606 1290 castra
634 1252 779 1299 locant,
805 1252 909 1291 nulla
937 1265 977 1291 re
1005 1252 1074 1291 alia
1103 1253 1265 1291 fidentes
1297 1266 1338 1292 ea
1360 1254 1451 1292 satis

41 1311 124 1346 tuta
145 1320 231 1346 esse
252 1320 365 1358 quam
389 1308 610 1347 difficultate
632 1309 757 1348 aditus
780 1309 928 1359 asperis
952 1309 1272 1359 confragosisque
1294 1310 1392 1348 circa
1415 1315 1452 1348 et

40 1362 182 1414 partim
212 1364 304 1402 artis
333 1365 473 1414 partim
503 1364 632 1403 arduis
654 1365 736 1403 viis.
780 1370 947 1404 ceterum
971 1365 1151 1403 Camillus
1174 1366 1365 1416 captivum
1389 1367 1449 1404 in-
1479 1376 1498 1408 6

42 1419 169 1458 didem
198 1432 242 1458 ex
270 1421 370 1469 agris
403 1425 556 1459 secutus
585 1421 721 1459 ducem
751 1422 887 1460 castris
910 1422 1029 1460 multa
1050 1426 1164 1460 nocte
1186 1422 1302 1460 motis
1325 1422 1450 1473 prima

40 1476 124 1514 luce
147 1476 341 1527 aliquanto
364 1477 632 1528 superioribus
654 1477 749 1516 locis
767 1490 807 1516 se
826 1477 1008 1516 ostendit.
1043 1478 1163 1516 triarii
1180 1478 1344 1517 Romani
1362 1491 1450 1517 mu·
1479 1490 1497 1521 7

41 1532 207 1581 niebant,
229 1532 324 1571 alius
346 1534 534 1572 exercitus
556 1534 703 1584 proelio
725 1534 895 1573 intentus
919 1534 1053 1573 stabat.
1091 1533 1142 1572 ibi
1159 1534 1333 1585 inpedire
1351 1548 1449 1586 opus

43 1594 202 1627 conatos
226 1589 359 1628 hostes
382 1590 508 1629 fundit
528 1590 731 1641 fugatque,
758 1595 986 1641 tantumque
1007 1591 1095 1629 inde
1117 1591 1269 1641 pavoris
1291 1591 1449 1630 Faliscis

41 1645 225 1684 iniectum
245 1650 315 1692 est,
337 1651 379 1684 ut
396 1646 515 1685 effusa
533 1647 621 1695 fuga
639 1652 762 1686 castra
780 1660 861 1693 sua,
881 1659 978 1698 quae
998 1647 1183 1698 propiora
1201 1653 1318 1693 erant,
1338 1660 1450 1698 prae—

39 1701 104 1740 lati
125 1702 260 1740 urbem
283 1707 469 1753 peterent.
507 1702 617 1741 multi
639 1704 738 1742 caesi
760 1703 1037 1754 vulneratique,
1061 1703 1291 1754 priusquam
1309 1715 1451 1755 paven-
1480 1714 1499 1746 8

41 1762 99 1796 tes
129 1758 253 1809 portis
281 1758 505 1797 inciderent.
549 1764 673 1798 castra
696 1764 825 1810 capta,
854 1761 996 1811 praeda
1020 1760 1066 1798 ad
1090 1766 1315 1810 quaestores
1338 1761 1450 1799 reda—

44 1818 101 1853 cta
131 1826 219 1853 cum
249 1827 387 1865 magua
407 1815 573 1854 militum
595 1815 666 1863 ira,
697 1817 764 1855 sed
787 1816 988 1855 severitate
1010 1816 1161 1866 imperii
1183 1816 1269 1855 victi
1291 1817 1448 1855 eandem

86 1931 250 1970 26-27.
282 1936 542 1978 Unterwerfung
564 1948 628 1968 von
647 1938 711 1970 Fa-

42 1982 127 2013 lerii.
165 1983 259 2014 Dion.
287 1982 344 2023 13,
373 1983 407 2021 13
443 1983 536 2014 Diod.
566 1983 621 2021 14,
649 1983 707 2021 9S;

43 2027 104 2058 Dio
128 2026 162 2058 C.
186 2026 227 2059 fr.
252 2026 304 2068 24,
324 2028 361 2067 2ς
386 2027 468 2060 Zon.
488 2029 518 2068 7,
538 2027 598 2068 223
622 2027 709 2060 Plut.

42 2071 131 2103 Cam.
154 2072 193 2102 10
211 2083 243 2103 u.
262 2082 291 2103 a.

89 2116 176 2149 1-2.
194 2117 318 2159 lav-git,
338 2116 368 2157 3,
387 2117 415 2156 1,
433 2116 651 2150 3.—Furius
668 2118 712 2158 (in

42 2162 103 2193 den
119 2160 140 2193 f.
156 2161 179 2193 C
195 2161 280 2202 HL),
296 2172 333 2193 er
350 2163 405 2193 hat
422 2162 511 2202 also,
530 2164 591 2194 wie
610 2173 637 2194 c.
661 2163 711 2204 16,

41 2208 99 2238 das
117 2207 193 2238 Amt
217 2207 235 2238 2
253 2208 351 2239 Jahre
377 2208 458 2239 nach
484 2208 639 2239 einander
656 2208 714 2239 be-

40 2252 426 2291 kleidet.—Cornelius,
442 2253 712 2284 wahrscheinlich

42 2297 102 2328 der
115 2307 141 2328 c.
157 2296 200 2328 24
217 2303 381 2337 genannte
396 2296 519 2340 Scipio.
547 2298 712 2329 Aemilius

42 2341 319 2383 (Mamercinus).
367 2343 566 2375 Postumius
598 2343 712 2382 (Albi-

39 2387 137 2425 nus).
155 2405 199 2410 —
215 2391 371 2429 metuar„
389 2389 449 2419 ebe
468 2398 505 2419 er
522 2388 638 2428 abzog.

87 2432 176 2464 5-7.
201 2443 360 2475 passum,
391 2433 423 2472 4,
449 2434 479 2473 9,
507 2432 563 2472 13,
589 2433 710 2464 ebenso

42 2476 105 2508 der
130 2475 242 2510 Genit.
268 2477 299 2518 3,
324 2478 385 2517 20,
405 2479 441 2511 7:
467 2478 510 2509 ib.
528 2477 579 2519 60,
600 2477 637 2514 33
657 2477 711 2518 23,

40 2521 100 2562 44,
117 2521 153 2561 73
183 2522 240 2564 28,
259 2523 288 2564 2,
311 2523 348 2562 33
379 2522 471 2563 11].6,
494 2523 532 2554 12
551 2533 581 2554 u.
598 2533 624 2554 s.
649 2533 710 2562 w.;

41 2566 192 2607 dagegen
215 2578 341 2610 passus
364 2568 454 2600 mille
477 2567 530 2607 21,
550 2568 580 2608 7,
599 2567 636 2606 2;
657 2567 710 2608 23,

41 2610 94 2653 36,
119 2611 157 2651 73
182 2612 235 2654 29,
255 2613 284 2655 2,
301 2613 339 2651 4,
365 2613 407 2645 ib.
426 2612 487 2653 34,
507 2611 538 2644 3.
555 2630 599 2635 -—-
622 2614 712 2645 circa

784 1940 861 1970 :iis
891 1949 975 1981 quae
1004 1940 1093 1970 circa
1123 1941 1236 1978 erant,
1269 1938 1304 1978 l,
1335 1938 1387 1979 58,
1417 1939 1446 1970 2.

785 1984 894 2016 Ueber
912 1985 972 2015 den
989 1983 1062 2015 Abl.
1078 1994 1105 2015 s.
1121 1994 1148 2015 c.
1168 1984 1217 2025 15,
1235 1983 1263 2014 1.
1277 2002 1312 2006 ——
1337 1985 1454 2015 artis—

783 2029 917 2070 ardm's,
951 2029 977 2066 1,
1004 2029 1056 2070 58,
1075 2029 1105 2061 S.
1128 2047 1172 2051 --
1196 2028 1356 2067 indidem,
1385 2029 1451 2069 vgl.

783 2073 843 2113 23,
861 2073 998 2115 46,12;
1029 2073 1168 2113 25,15‚
1191 2074 1228 2105 7;
1258 2073 1395 2113 27,12,
1413 2075 1451 2112 5²,

784 2119 826 2150 ib.
846 2119 896 2160 25,
918 2118 955 2149 11
976 2129 1007 2150 u.
1021 2128 1050 2150 a.
1064 2137 1107 2141 —-
1124 2118 1231 2150 multa
1247 2130 1291 2159 η.,
1311 2129 1338 2150 s.
1354 2118 1383 2157 3,
1399 2118 1452 2159 60,

785 2164 816 2195 S.
833 2182 876 2187 ·—
894 2165 1006 2195 triarii
1022 2175 1132 2201 mum,
1160 2163 1280 2195 ebenso
1302 2165 1330 2204 7,
1348 2163 1402 2202 23,
1422 2164 1452 2195 7.

785 2228 828 2231 —
849 2209 954 2252 proel.
979 2210 1058 2248 int„
1087 2209 1152 2249 vgl.
1180 2209 1261 2239 Sall.
1287 2208 1309 2239 Ι.
1336 2208 1387 2247 76,
1414 2208 1450 2239 2:

787 2254 972 2297 oppidanos
985 2253 1111 2296 proelio
1125 2255 1337 2285 intentos.—
1353 2263 1453 2295 prae-

785 2299 854 2337 lati,
874 2310 901 2331 s.
924 2299 952 2340 l,
971 2300 1024 2339 45,
1045 2300 1078 2336 63
1099 2298 1126 2339 6,
1146 2298 1198 2336 29,
1219 2298 1248 2328 3.

832 2344 919 2376 8-9.
946 2346 1037 2376 caesi
1057 2344 1163 2384 wilm,
1188 2342 1224 2381 3,
1249 2342 1307 2381 55,
1334 2341 1384 2373 13.
1408 2360 1452 2365 —-

784 2389 830 2421 ad
845 2392 985 2432 quaest„
1005 2400 1030 2420 c.
1053 2388 1101 2429 19,
1121 2387 1150 2418 S.
1167 2405 1209 2409 ——
1223 2386 1363 2418 eandem
1377 2391 1450 2426 ete,

784 2435 851 2474 vgl.
874 2434 953 2466 Tac.
978 2433 1015 2465 H.
1045 2433 1077 2473 1,
1101 2432 1158 2462 71:
1186 2431 1274 2464 Celsi
1294 2432 1389 2463 salus
1411 2443 1451 2463 ne

783 2480 944 2511 militibus
962 2478 1093 2520 quidem
1113 2479 1251 2518 ingrata
1256 2478 1289 2518 s
1287 2479 1351 2515 m't,
1372 2488 1451 2508 ean-

784 2524 858 2556 dem
898 2527 1056 2556 virtutem
1089 2522 1359 2561 admirantibus,
1398 2524 1453 2553 cui

785 2571 1029 2601 irascebantur.
1046 2585 1090 2590 —
1103 2569 1237 2610 imperii
1255 2568 1308 2604 ist,
1324 2567 1385 2597 wie
1400 2577 1453 2598 se-

785 2616 927 2647 veritate
942 2614 1040 2654 zeigt,
1053 2612 1233 2644 besonders
1248 2613 1300 2644 die
1315 2609 1453 2652 Kriegs-
