<?xml version="1.0" encoding="UTF-8"?>
<!DOCTYPE html PUBLIC "-//W3C//DTD XHTML 1.0 Transitional//EN"
    "http://www.w3.org/TR/xhtml1/DTD/xhtml1-transitional.dtd">
<html xmlns="http://www.w3.org/1999/xhtml" xml:lang="en" lang="en">
 <head>
  <title>
</title>
<meta http-equiv="Content-Type" content="text/html;charset=utf-8" />
  <meta name='ocr-system' content='tesseract 3.04.00' />
  <meta name='ocr-capabilities' content='ocr_page ocr_carea ocr_par ocr_line ocrx_word'/>
</head>
<body>
  <div class='ocr_page' id='page_1' title='image "./aburbeconditalib0102livyuoft_0477.png"; bbox 0 0 1698 2864; ppageno 0'>
   <div class='ocr_carea' id='block_1_1' title="bbox 590 69 1557 130">
    <p class='ocr_par' dir='ltr' id='par_1_1' title="bbox 590 69 1557 130">
     <span class='ocr_line' id='line_1_1' title="bbox 590 69 1557 130; baseline 0.01 -9"><span class='ocrx_word' id='word_1_1' title='bbox 590 89 717 122; x_wconf 73' lang='lat' dir='ltr'>LIBER</span> <span class='ocrx_word' id='word_1_2' title='bbox 733 88 771 122; x_wconf 83' lang='lat'>11.</span> <span class='ocrx_word' id='word_1_3' title='bbox 821 88 913 121; x_wconf 82' lang='lat' dir='ltr'><strong>CAP.</strong></span> <span class='ocrx_word' id='word_1_4' title='bbox 932 89 975 122; x_wconf 90' lang='grc'>46</span> <span class='ocrx_word' id='word_1_5' title='bbox 1001 89 1056 122; x_wconf 84' lang='grc'>47.</span> <span class='ocrx_word' id='word_1_6' title='bbox 1448 90 1529 130; x_wconf 83' lang='grc'>319</span> <span class='ocrx_word' id='word_1_7' title='bbox 1554 69 1557 72; x_wconf 93' lang='lat'>·</span> 
     </span>
    </p>
   </div>
   <div class='ocr_carea' id='block_1_2' title="bbox 107 100 335 127">
    <p class='ocr_par' dir='ltr' id='par_1_2' title="bbox 107 100 335 127">
     <span class='ocr_line' id='line_1_2' title="bbox 107 100 335 127; baseline -0.004 -1"><span class='ocrx_word' id='word_1_8' title='bbox 107 109 132 127; x_wconf 79' lang='lat' dir='ltr'>a.</span> <span class='ocrx_word' id='word_1_9' title='bbox 153 100 204 127; x_wconf 86' lang='lat' dir='ltr'>Ch.</span> <span class='ocrx_word' id='word_1_10' title='bbox 225 101 284 126; x_wconf 77' lang='lat'>480.</span> <span class='ocrx_word' id='word_1_11' title='bbox 333 105 335 108; x_wconf 87' lang='grc'><strong>“</strong></span> 
     </span>
    </p>
   </div>
   <div class='ocr_carea' id='block_1_3' title="bbox 108 191 1605 1604">
    <p class='ocr_par' dir='ltr' id='par_1_3' title="bbox 108 191 1605 1604">
     <span class='ocr_line' id='line_1_3' title="bbox 109 191 1528 243; baseline -0.001 -10"><span class='ocrx_word' id='word_1_12' title='bbox 109 217 163 223; x_wconf 90' lang='lat'>——</span> <span class='ocrx_word' id='word_1_13' title='bbox 185 193 301 234; x_wconf 84' lang='lat' dir='ltr'>tertio</span> <span class='ocrx_word' id='word_1_14' title='bbox 323 193 387 232; x_wconf 84' lang='lat' dir='ltr'>hic</span> <span class='ocrx_word' id='word_1_15' title='bbox 407 204 512 232; x_wconf 86' lang='lat' dir='ltr'>anno</span> <span class='ocrx_word' id='word_1_16' title='bbox 535 197 626 231; x_wconf 89' lang='lat' dir='ltr'>ante</span> <span class='ocrx_word' id='word_1_17' title='bbox 648 192 787 231; x_wconf 93' lang='lat' dir='ltr'>consul</span> <span class='ocrx_word' id='word_1_18' title='bbox 808 191 937 230; x_wconf 88' lang='lat' dir='ltr'>fuerat</span> <span class='ocrx_word' id='word_1_19' title='bbox 952 214 1007 219; x_wconf 90' lang='lat'>-—</span> <span class='ocrx_word' id='word_1_20' title='bbox 1025 191 1247 243; x_wconf 80' lang='lat' dir='ltr'>principem</span> <span class='ocrx_word' id='word_1_21' title='bbox 1268 192 1310 231; x_wconf 91' lang='lat' dir='ltr'>in</span> <span class='ocrx_word' id='word_1_22' title='bbox 1327 193 1528 232; x_wconf 86' lang='lat' dir='ltr'>confertos</span> 
     </span>
     <span class='ocr_line' id='line_1_4' title="bbox 110 248 1530 295; baseline -0.001 -7"><span class='ocrx_word' id='word_1_23' title='bbox 110 250 291 291; x_wconf 82' lang='lat' dir='ltr'><strong>Veientes</strong></span> <span class='ocrx_word' id='word_1_24' title='bbox 309 255 469 288; x_wconf 72' lang='lat' dir='ltr'>euntem</span> <span class='ocrx_word' id='word_1_25' title='bbox 486 249 598 288; x_wconf 88' lang='lat' dir='ltr'>ferox</span> <span class='ocrx_word' id='word_1_26' title='bbox 615 248 761 287; x_wconf 86' lang='lat' dir='ltr'>viribus</span> <span class='ocrx_word' id='word_1_27' title='bbox 773 253 813 287; x_wconf 84' lang='lat' dir='ltr'>et</span> <span class='ocrx_word' id='word_1_28' title='bbox 823 259 1027 287; x_wconf 86' lang='lat' dir='ltr'>armorum</span> <span class='ocrx_word' id='word_1_29' title='bbox 1045 254 1127 287; x_wconf 86' lang='lat' dir='ltr'>arte</span> <span class='ocrx_word' id='word_1_30' title='bbox 1141 249 1309 295; x_wconf 77' lang='lat' dir='ltr'>Tuscus,</span> <span class='ocrx_word' id='word_1_31' title='bbox 1328 249 1530 288; x_wconf 88' lang='lat' dir='ltr'>incautum</span> 
     </span>
     <span class='ocr_line' id='line_1_5' title="bbox 109 304 1531 357; baseline -0.001 -12"><span class='ocrx_word' id='word_1_32' title='bbox 109 306 213 347; x_wconf 91' lang='lat' dir='ltr'>inter</span> <span class='ocrx_word' id='word_1_33' title='bbox 229 306 370 346; x_wconf 92' lang='lat' dir='ltr'>multas</span> <span class='ocrx_word' id='word_1_34' title='bbox 389 311 612 345; x_wconf 85' lang='lat' dir='ltr'>versantem</span> <span class='ocrx_word' id='word_1_35' title='bbox 632 305 807 344; x_wconf 91' lang='lat' dir='ltr'>hostium</span> <span class='ocrx_word' id='word_1_36' title='bbox 830 316 985 351; x_wconf 85' lang='lat' dir='ltr'>manus,</span> <span class='ocrx_word' id='word_1_37' title='bbox 1005 304 1131 355; x_wconf 89' lang='lat' dir='ltr'>gladio</span> <span class='ocrx_word' id='word_1_38' title='bbox 1154 317 1224 356; x_wconf 88' lang='lat' dir='ltr'>per</span> <span class='ocrx_word' id='word_1_39' title='bbox 1239 311 1378 357; x_wconf 87' lang='lat' dir='ltr'>pectus</span> <span class='ocrx_word' id='word_1_40' title='bbox 1396 311 1531 344; x_wconf 86' lang='lat' dir='ltr'>trans-</span> 
     </span>
     <span class='ocr_line' id='line_1_6' title="bbox 109 360 1575 415; baseline -0.003 -12"><span class='ocrx_word' id='word_1_41' title='bbox 109 364 210 415; x_wconf 77' lang='lat' dir='ltr'>figit3</span> <span class='ocrx_word' id='word_1_42' title='bbox 232 362 308 401; x_wconf 88' lang='lat' dir='ltr'>telo</span> <span class='ocrx_word' id='word_1_43' title='bbox 328 362 501 401; x_wconf 76' lang='lat' dir='ltr'>extracto</span> <span class='ocrx_word' id='word_1_44' title='bbox 519 374 705 413; x_wconf 88' lang='lat' dir='ltr'>praeceps</span> <span class='ocrx_word' id='word_1_45' title='bbox 727 361 755 400; x_wconf 93' lang='lat' dir='ltr'>F</span> <span class='ocrx_word' id='word_1_46' title='bbox 761 361 921 400; x_wconf 90' lang='lat' dir='ltr'>abiusin</span> <span class='ocrx_word' id='word_1_47' title='bbox 930 361 1073 400; x_wconf 89' lang='lat' dir='ltr'>vulnus</span> <span class='ocrx_word' id='word_1_48' title='bbox 1090 360 1197 400; x_wconf 88' lang='lat' dir='ltr'>abiit.</span> <span class='ocrx_word' id='word_1_49' title='bbox 1221 361 1346 400; x_wconf 89' lang='lat' dir='ltr'>sensit</span> <span class='ocrx_word' id='word_1_50' title='bbox 1362 368 1531 413; x_wconf 82' lang='lat' dir='ltr'>utraque</span> <span class='ocrx_word' id='word_1_51' title='bbox 1557 368 1575 399; x_wconf 87' lang='lat'>5</span> 
     </span>
     <span class='ocr_line' id='line_1_7' title="bbox 108 417 1530 469; baseline -0.001 -10"><span class='ocrx_word' id='word_1_52' title='bbox 108 420 210 460; x_wconf 89' lang='lat' dir='ltr'>acies</span> <span class='ocrx_word' id='word_1_53' title='bbox 231 419 348 457; x_wconf 89' lang='lat' dir='ltr'>unius</span> <span class='ocrx_word' id='word_1_54' title='bbox 365 418 437 457; x_wconf 90' lang='lat' dir='ltr'>viri</span> <span class='ocrx_word' id='word_1_55' title='bbox 452 431 599 465; x_wconf 85' lang='lat' dir='ltr'>casum,</span> <span class='ocrx_word' id='word_1_56' title='bbox 618 418 858 469; x_wconf 76' lang='lat' dir='ltr'>cedebatque</span> <span class='ocrx_word' id='word_1_57' title='bbox 873 417 967 456; x_wconf 87' lang='lat' dir='ltr'>inde</span> <span class='ocrx_word' id='word_1_58' title='bbox 983 418 1200 464; x_wconf 85' lang='lat' dir='ltr'>Romanus,</span> <span class='ocrx_word' id='word_1_59' title='bbox 1217 431 1305 457; x_wconf 89' lang='lat' dir='ltr'>cum</span> <span class='ocrx_word' id='word_1_60' title='bbox 1324 418 1372 456; x_wconf 89' lang='grc' dir='ltr'>Μ.</span> <span class='ocrx_word' id='word_1_61' title='bbox 1386 419 1530 458; x_wconf 78' lang='lat' dir='ltr'>Fabius</span> 
     </span>
     <span class='ocr_line' id='line_1_8' title="bbox 109 474 1525 526; baseline -0.001 -11"><span class='ocrx_word' id='word_1_62' title='bbox 109 476 245 515; x_wconf 91' lang='lat' dir='ltr'>consul</span> <span class='ocrx_word' id='word_1_63' title='bbox 275 475 476 514; x_wconf 82' lang='lat' dir='ltr'>transiluit</span> <span class='ocrx_word' id='word_1_64' title='bbox 501 475 663 514; x_wconf 87' lang='lat' dir='ltr'>iacentis</span> <span class='ocrx_word' id='word_1_65' title='bbox 692 487 834 526; x_wconf 89' lang='lat' dir='ltr'>corpus</span> <span class='ocrx_word' id='word_1_66' title='bbox 863 474 1093 525; x_wconf 83' lang='lat' dir='ltr'>obiectaque</span> <span class='ocrx_word' id='word_1_67' title='bbox 1121 486 1259 526; x_wconf 87' lang='lat' dir='ltr'>parma</span> <span class='ocrx_word' id='word_1_68' title='bbox 1289 475 1390 521; x_wconf 89' lang='lat' dir='ltr'>„hoc</span> <span class='ocrx_word' id='word_1_69' title='bbox 1419 475 1525 514; x_wconf 90' lang='lat' dir='ltr'>iura-</span> 
     </span>
     <span class='ocr_line' id='line_1_9' title="bbox 108 530 1577 584; baseline -0.002 -13"><span class='ocrx_word' id='word_1_70' title='bbox 108 533 208 572; x_wconf 90' lang='lat' dir='ltr'>stis“</span> <span class='ocrx_word' id='word_1_71' title='bbox 240 532 381 584; x_wconf 83' lang='lat' dir='ltr'>inquit,</span> <span class='ocrx_word' id='word_1_72' title='bbox 412 531 614 579; x_wconf 85' lang='lat' dir='ltr'>„milites,</span> <span class='ocrx_word' id='word_1_73' title='bbox 644 532 839 582; x_wconf 85' lang='lat' dir='ltr'>fugientes</span> <span class='ocrx_word' id='word_1_74' title='bbox 861 544 929 570; x_wconf 91' lang='lat' dir='ltr'>vos</span> <span class='ocrx_word' id='word_1_75' title='bbox 951 531 991 569; x_wconf 91' lang='lat' dir='ltr'>in</span> <span class='ocrx_word' id='word_1_76' title='bbox 1022 536 1147 570; x_wconf 79' lang='lat' dir='ltr'>castra</span> <span class='ocrx_word' id='word_1_77' title='bbox 1168 530 1394 570; x_wconf 84' lang='lat' dir='ltr'>redituros?</span> <span class='ocrx_word' id='word_1_78' title='bbox 1435 531 1529 570; x_wconf 88' lang='lat' dir='ltr'>adeo</span> <span class='ocrx_word' id='word_1_79' title='bbox 1558 537 1577 568; x_wconf 88' lang='grc'>6</span> 
     </span>
     <span class='ocr_line' id='line_1_10' title="bbox 108 587 1529 640; baseline -0.001 -12"><span class='ocrx_word' id='word_1_80' title='bbox 108 589 379 640; x_wconf 86' lang='lat' dir='ltr'>ignavissimos</span> <span class='ocrx_word' id='word_1_81' title='bbox 400 589 526 628; x_wconf 90' lang='lat' dir='ltr'>hostis</span> <span class='ocrx_word' id='word_1_82' title='bbox 549 588 671 638; x_wconf 88' lang='lat' dir='ltr'>magis</span> <span class='ocrx_word' id='word_1_83' title='bbox 694 588 842 627; x_wconf 84' lang='lat' dir='ltr'>timetis</span> <span class='ocrx_word' id='word_1_84' title='bbox 865 600 983 639; x_wconf 89' lang='lat' dir='ltr'>quam</span> <span class='ocrx_word' id='word_1_85' title='bbox 1008 587 1139 626; x_wconf 86' lang='lat' dir='ltr'>Iovem</span> <span class='ocrx_word' id='word_1_86' title='bbox 1162 588 1428 639; x_wconf 80' lang='lat' dir='ltr'>Martemque,</span> <span class='ocrx_word' id='word_1_87' title='bbox 1459 599 1529 638; x_wconf 88' lang='lat' dir='ltr'>per</span> 
     </span>
     <span class='ocr_line' id='line_1_11' title="bbox 110 644 1527 698; baseline -0.001 -14"><span class='ocrx_word' id='word_1_88' title='bbox 110 659 208 698; x_wconf 89' lang='lat' dir='ltr'>quos</span> <span class='ocrx_word' id='word_1_89' title='bbox 231 644 420 685; x_wconf 69' lang='lat' dir='ltr'>iurastis?</span> <span class='ocrx_word' id='word_1_90' title='bbox 442 651 480 685; x_wconf 86' lang='lat' dir='ltr'>at</span> <span class='ocrx_word' id='word_1_91' title='bbox 502 658 572 697; x_wconf 92' lang='lat' dir='ltr'>ego</span> <span class='ocrx_word' id='word_1_92' title='bbox 595 646 790 684; x_wconf 83' lang='lat' dir='ltr'>iniuratus</span> <span class='ocrx_word' id='word_1_93' title='bbox 807 650 873 683; x_wconf 84' lang='lat' dir='ltr'>aut</span> <span class='ocrx_word' id='word_1_94' title='bbox 890 645 1013 683; x_wconf 79' lang='lat' dir='ltr'>vietor</span> <span class='ocrx_word' id='word_1_95' title='bbox 1033 650 1221 691; x_wconf 87' lang='lat' dir='ltr'>revertar,</span> <span class='ocrx_word' id='word_1_96' title='bbox 1245 650 1312 683; x_wconf 83' lang='lat' dir='ltr'>aut</span> <span class='ocrx_word' id='word_1_97' title='bbox 1338 657 1460 696; x_wconf 81' lang='lat' dir='ltr'>prope</span> <span class='ocrx_word' id='word_1_98' title='bbox 1488 650 1527 683; x_wconf 85' lang='lat' dir='ltr'>te</span> 
     </span>
     <span class='ocr_line' id='line_1_12' title="bbox 111 700 1529 749; baseline -0.001 -8"><span class='ocrx_word' id='word_1_99' title='bbox 111 703 186 749; x_wconf 90' lang='lat' dir='ltr'>hic,</span> <span class='ocrx_word' id='word_1_100' title='bbox 212 702 359 749; x_wconf 84' lang='lat' dir='ltr'>Quinte</span> <span class='ocrx_word' id='word_1_101' title='bbox 381 702 489 749; x_wconf 83' lang='lat' dir='ltr'>Fabi,</span> <span class='ocrx_word' id='word_1_102' title='bbox 511 702 703 741; x_wconf 79' lang='lat' dir='ltr'>dimicans</span> <span class='ocrx_word' id='word_1_103' title='bbox 727 702 901 741; x_wconf 81' lang='lat' dir='ltr'>cadam.“</span> <span class='ocrx_word' id='word_1_104' title='bbox 945 701 1098 740; x_wconf 89' lang='lat' dir='ltr'>consuli</span> <span class='ocrx_word' id='word_1_105' title='bbox 1125 707 1211 740; x_wconf 84' lang='lat' dir='ltr'>tum</span> <span class='ocrx_word' id='word_1_106' title='bbox 1243 702 1365 740; x_wconf 85' lang='lat' dir='ltr'>Caeso</span> <span class='ocrx_word' id='word_1_107' title='bbox 1386 700 1529 740; x_wconf 83' lang='lat' dir='ltr'>Fabius</span> 
     </span>
     <span class='ocr_line' id='line_1_13' title="bbox 108 758 1530 812; baseline -0.001 -14"><span class='ocrx_word' id='word_1_108' title='bbox 108 760 252 812; x_wconf 87' lang='lat' dir='ltr'>prioris</span> <span class='ocrx_word' id='word_1_109' title='bbox 275 759 369 798; x_wconf 86' lang='lat' dir='ltr'>anni</span> <span class='ocrx_word' id='word_1_110' title='bbox 391 760 548 798; x_wconf 86' lang='lat' dir='ltr'>consul:</span> <span class='ocrx_word' id='word_1_111' title='bbox 573 759 778 806; x_wconf 74' lang='lat' dir='ltr'>„verbisne</span> <span class='ocrx_word' id='word_1_112' title='bbox 794 758 893 803; x_wconf 83' lang='lat' dir='ltr'>istis,</span> <span class='ocrx_word' id='word_1_113' title='bbox 916 758 1050 805; x_wconf 85' lang='lat' dir='ltr'>frater,</span> <span class='ocrx_word' id='word_1_114' title='bbox 1072 763 1116 796; x_wconf 89' lang='lat' dir='ltr'>ut</span> <span class='ocrx_word' id='word_1_115' title='bbox 1132 763 1324 809; x_wconf 82' lang='lat' dir='ltr'>pugnent,</span> <span class='ocrx_word' id='word_1_116' title='bbox 1346 763 1385 796; x_wconf 86' lang='lat' dir='ltr'>te</span> <span class='ocrx_word' id='word_1_117' title='bbox 1403 758 1530 809; x_wconf 91' lang='lat' dir='ltr'>impe-</span> 
     </span>
     <span class='ocr_line' id='line_1_14' title="bbox 110 814 1574 867; baseline -0.001 -12"><span class='ocrx_word' id='word_1_118' title='bbox 110 822 308 855; x_wconf 87' lang='lat' dir='ltr'>traturum</span> <span class='ocrx_word' id='word_1_119' title='bbox 331 814 489 855; x_wconf 66' lang='lat' dir='ltr'>credis?</span> <span class='ocrx_word' id='word_1_120' title='bbox 510 816 562 855; x_wconf 90' lang='lat' dir='ltr'>dii</span> <span class='ocrx_word' id='word_1_121' title='bbox 585 815 865 867; x_wconf 83' lang='lat' dir='ltr'>impetrabunt,</span> <span class='ocrx_word' id='word_1_122' title='bbox 888 826 959 866; x_wconf 89' lang='lat' dir='ltr'>per</span> <span class='ocrx_word' id='word_1_123' title='bbox 977 827 1076 866; x_wconf 88' lang='lat' dir='ltr'>quos</span> <span class='ocrx_word' id='word_1_124' title='bbox 1100 815 1295 860; x_wconf 68' lang='lat' dir='ltr'>iuravere,</span> <span class='ocrx_word' id='word_1_125' title='bbox 1319 821 1357 853; x_wconf 81' lang='lat' dir='ltr'>et</span> <span class='ocrx_word' id='word_1_126' title='bbox 1377 827 1466 862; x_wconf 90' lang='lat' dir='ltr'>nos,</span> <span class='ocrx_word' id='word_1_127' title='bbox 1488 819 1532 854; x_wconf 87' lang='lat' dir='ltr'>ut</span> <span class='ocrx_word' id='word_1_128' title='bbox 1556 818 1574 849; x_wconf 86' lang='lat'><strong>7</strong></span> 
     </span>
     <span class='ocr_line' id='line_1_15' title="bbox 111 871 1532 924; baseline -0.001 -13"><span class='ocrx_word' id='word_1_129' title='bbox 111 873 220 911; x_wconf 90' lang='lat' dir='ltr'>decet</span> <span class='ocrx_word' id='word_1_130' title='bbox 242 884 439 924; x_wconf 87' lang='lat' dir='ltr'>proceres,</span> <span class='ocrx_word' id='word_1_131' title='bbox 462 879 504 912; x_wconf 85' lang='lat' dir='ltr'>ut</span> <span class='ocrx_word' id='word_1_132' title='bbox 528 871 647 910; x_wconf 90' lang='lat' dir='ltr'>Fabio</span> <span class='ocrx_word' id='word_1_133' title='bbox 670 871 832 911; x_wconf 89' lang='lat' dir='ltr'>nomine</span> <span class='ocrx_word' id='word_1_134' title='bbox 853 876 914 910; x_wconf 84' lang='lat' dir='ltr'>est</span> <span class='ocrx_word' id='word_1_135' title='bbox 945 872 1129 922; x_wconf 88' lang='lat' dir='ltr'>dignum,</span> <span class='ocrx_word' id='word_1_136' title='bbox 1155 871 1368 923; x_wconf 88' lang='lat' dir='ltr'>pugnando</span> <span class='ocrx_word' id='word_1_137' title='bbox 1400 871 1532 922; x_wconf 84' lang='lat' dir='ltr'>potius</span> 
     </span>
     <span class='ocr_line' id='line_1_16' title="bbox 112 927 1533 981; baseline -0.001 -13"><span class='ocrx_word' id='word_1_138' title='bbox 112 942 228 981; x_wconf 87' lang='lat' dir='ltr'>quam</span> <span class='ocrx_word' id='word_1_139' title='bbox 251 930 495 968; x_wconf 85' lang='lat' dir='ltr'>adhortando</span> <span class='ocrx_word' id='word_1_140' title='bbox 513 929 775 968; x_wconf 86' lang='lat' dir='ltr'>accendamus</span> <span class='ocrx_word' id='word_1_141' title='bbox 794 928 964 967; x_wconf 82' lang='lat' dir='ltr'>militum</span> <span class='ocrx_word' id='word_1_142' title='bbox 988 928 1184 967; x_wconf 83' lang='lat' dir='ltr'>animos.“</span> <span class='ocrx_word' id='word_1_143' title='bbox 1220 929 1276 967; x_wconf 91' lang='lat' dir='ltr'>sic</span> <span class='ocrx_word' id='word_1_144' title='bbox 1297 928 1338 967; x_wconf 89' lang='lat' dir='ltr'>in</span> <span class='ocrx_word' id='word_1_145' title='bbox 1360 927 1533 979; x_wconf 90' lang='lat' dir='ltr'>primum</span> 
     </span>
     <span class='ocr_line' id='line_1_17' title="bbox 110 985 1533 1036; baseline -0.001 -11"><span class='ocrx_word' id='word_1_146' title='bbox 110 986 263 1025; x_wconf 87' lang='lat' dir='ltr'>infestis</span> <span class='ocrx_word' id='word_1_147' title='bbox 293 986 417 1024; x_wconf 84' lang='lat' dir='ltr'>hastis</span> <span class='ocrx_word' id='word_1_148' title='bbox 439 986 645 1036; x_wconf 85' lang='lat' dir='ltr'>provolant</span> <span class='ocrx_word' id='word_1_149' title='bbox 675 986 751 1024; x_wconf 90' lang='lat' dir='ltr'>duo</span> <span class='ocrx_word' id='word_1_150' title='bbox 774 985 902 1030; x_wconf 87' lang='lat' dir='ltr'>Fabii,</span> <span class='ocrx_word' id='word_1_151' title='bbox 932 989 1136 1036; x_wconf 85' lang='lat' dir='ltr'>totamque</span> <span class='ocrx_word' id='word_1_152' title='bbox 1166 990 1378 1024; x_wconf 88' lang='lat' dir='ltr'>moverunt</span> <span class='ocrx_word' id='word_1_153' title='bbox 1397 997 1533 1024; x_wconf 87' lang='lat' dir='ltr'>secum</span> 
     </span>
     <span class='ocr_line' id='line_1_18' title="bbox 110 1041 1605 1093; baseline 0.001 -11"><span class='ocrx_word' id='word_1_154' title='bbox 110 1043 248 1082; x_wconf 84' lang='lat' dir='ltr'>aciem.</span> <span class='ocrx_word' id='word_1_155' title='bbox 280 1042 431 1081; x_wconf 91' lang='lat' dir='ltr'>Proelio</span> <span class='ocrx_word' id='word_1_156' title='bbox 450 1055 496 1081; x_wconf 83' lang='lat' dir='ltr'>ex</span> <span class='ocrx_word' id='word_1_157' title='bbox 516 1047 626 1093; x_wconf 88' lang='lat' dir='ltr'>parte</span> <span class='ocrx_word' id='word_1_158' title='bbox 645 1054 722 1081; x_wconf 88' lang='lat' dir='ltr'>una</span> <span class='ocrx_word' id='word_1_159' title='bbox 747 1042 931 1081; x_wconf 79' lang='lat' dir='ltr'>restituto</span> <span class='ocrx_word' id='word_1_160' title='bbox 955 1041 1078 1080; x_wconf 92' lang='lat' dir='ltr'>nihilo</span> <span class='ocrx_word' id='word_1_161' title='bbox 1098 1041 1261 1092; x_wconf 85' lang='lat' dir='ltr'>segnius</span> <span class='ocrx_word' id='word_1_162' title='bbox 1277 1041 1318 1079; x_wconf 91' lang='lat' dir='ltr'>in</span> <span class='ocrx_word' id='word_1_163' title='bbox 1337 1054 1461 1081; x_wconf 86' lang='lat' dir='ltr'>cornu</span> <span class='ocrx_word' id='word_1_164' title='bbox 1478 1041 1533 1081; x_wconf 91' lang='lat' dir='ltr'>al-</span> <span class='ocrx_word' id='word_1_165' title='bbox 1555 1047 1605 1083; x_wconf 73' lang='lat'>47</span> 
     </span>
     <span class='ocr_line' id='line_1_19' title="bbox 111 1097 1533 1150; baseline -0.001 -12"><span class='ocrx_word' id='word_1_166' title='bbox 111 1105 196 1139; x_wconf 86' lang='lat' dir='ltr'>tero</span> <span class='ocrx_word' id='word_1_167' title='bbox 219 1100 288 1138; x_wconf 78' lang='lat' dir='ltr'>Cn,</span> <span class='ocrx_word' id='word_1_168' title='bbox 311 1099 476 1138; x_wconf 84' lang='lat' dir='ltr'>Manlius</span> <span class='ocrx_word' id='word_1_169' title='bbox 507 1099 645 1137; x_wconf 88' lang='lat' dir='ltr'>consul</span> <span class='ocrx_word' id='word_1_170' title='bbox 680 1110 853 1150; x_wconf 85' lang='lat' dir='ltr'>pugnam</span> <span class='ocrx_word' id='word_1_171' title='bbox 879 1097 1024 1143; x_wconf 82' lang='lat' dir='ltr'>ciebat,</span> <span class='ocrx_word' id='word_1_172' title='bbox 1054 1098 1122 1136; x_wconf 89' lang='lat' dir='ltr'>ubi</span> <span class='ocrx_word' id='word_1_173' title='bbox 1144 1111 1268 1149; x_wconf 86' lang='lat' dir='ltr'>prope</span> <span class='ocrx_word' id='word_1_174' title='bbox 1291 1098 1429 1137; x_wconf 89' lang='lat' dir='ltr'>similis</span> <span class='ocrx_word' id='word_1_175' title='bbox 1450 1099 1533 1137; x_wconf 89' lang='lat' dir='ltr'>for-</span> 
     </span>
     <span class='ocr_line' id='line_1_20' title="bbox 111 1154 1580 1201; baseline -0.003 -6"><span class='ocrx_word' id='word_1_176' title='bbox 111 1162 206 1195; x_wconf 89' lang='lat' dir='ltr'>tuna</span> <span class='ocrx_word' id='word_1_177' title='bbox 228 1162 288 1195; x_wconf 90' lang='lat' dir='ltr'>est</span> <span class='ocrx_word' id='word_1_178' title='bbox 309 1161 475 1195; x_wconf 83' lang='lat' dir='ltr'>versata.</span> <span class='ocrx_word' id='word_1_179' title='bbox 517 1167 608 1194; x_wconf 93' lang='lat' dir='ltr'>nam</span> <span class='ocrx_word' id='word_1_180' title='bbox 631 1160 674 1194; x_wconf 87' lang='lat' dir='ltr'>ut</span> <span class='ocrx_word' id='word_1_181' title='bbox 696 1156 817 1195; x_wconf 88' lang='lat' dir='ltr'>altero</span> <span class='ocrx_word' id='word_1_182' title='bbox 839 1155 879 1194; x_wconf 93' lang='lat' dir='ltr'>in</span> <span class='ocrx_word' id='word_1_183' title='bbox 901 1166 1026 1194; x_wconf 87' lang='lat' dir='ltr'>cornu</span> <span class='ocrx_word' id='word_1_184' title='bbox 1048 1154 1093 1200; x_wconf 84' lang='lat' dir='ltr'>Q.</span> <span class='ocrx_word' id='word_1_185' title='bbox 1116 1155 1297 1201; x_wconf 89' lang='lat' dir='ltr'>Fabium,</span> <span class='ocrx_word' id='word_1_186' title='bbox 1321 1155 1376 1194; x_wconf 90' lang='lat' dir='ltr'>sic</span> <span class='ocrx_word' id='word_1_187' title='bbox 1397 1155 1438 1193; x_wconf 93' lang='lat' dir='ltr'>in</span> <span class='ocrx_word' id='word_1_188' title='bbox 1461 1155 1535 1194; x_wconf 89' lang='lat' dir='ltr'>hoc</span> <span class='ocrx_word' id='word_1_189' title='bbox 1561 1158 1580 1190; x_wconf 89' lang='lat'>2</span> 
     </span>
     <span class='ocr_line' id='line_1_21' title="bbox 111 1211 1538 1263; baseline -0.001 -12"><span class='ocrx_word' id='word_1_190' title='bbox 111 1213 241 1263; x_wconf 86' lang='lat' dir='ltr'>ipsum</span> <span class='ocrx_word' id='word_1_191' title='bbox 263 1213 467 1251; x_wconf 90' lang='lat' dir='ltr'>consulem</span> <span class='ocrx_word' id='word_1_192' title='bbox 490 1212 678 1251; x_wconf 87' lang='lat' dir='ltr'>Manlium</span> <span class='ocrx_word' id='word_1_193' title='bbox 700 1212 778 1251; x_wconf 84' lang='lat' dir='ltr'>iam</span> <span class='ocrx_word' id='word_1_194' title='bbox 799 1212 905 1250; x_wconf 79' lang='lat' dir='ltr'>velut</span> <span class='ocrx_word' id='word_1_195' title='bbox 926 1211 1034 1250; x_wconf 89' lang='lat' dir='ltr'>fusos</span> <span class='ocrx_word' id='word_1_196' title='bbox 1056 1217 1239 1263; x_wconf 86' lang='lat' dir='ltr'>agentem</span> <span class='ocrx_word' id='word_1_197' title='bbox 1260 1212 1386 1251; x_wconf 89' lang='lat' dir='ltr'>hostis</span> <span class='ocrx_word' id='word_1_198' title='bbox 1410 1217 1448 1250; x_wconf 82' lang='lat' dir='ltr'>et</span> <span class='ocrx_word' id='word_1_199' title='bbox 1470 1212 1538 1250; x_wconf 89' lang='lat' dir='ltr'>in-</span> 
     </span>
     <span class='ocr_line' id='line_1_22' title="bbox 113 1268 1535 1320; baseline 0 -13"><span class='ocrx_word' id='word_1_200' title='bbox 113 1269 221 1320; x_wconf 82' lang='lat' dir='ltr'>pigre</span> <span class='ocrx_word' id='word_1_201' title='bbox 251 1269 392 1308; x_wconf 84' lang='lat' dir='ltr'>milites</span> <span class='ocrx_word' id='word_1_202' title='bbox 432 1270 557 1308; x_wconf 90' lang='lat' dir='ltr'>secuti</span> <span class='ocrx_word' id='word_1_203' title='bbox 588 1275 683 1308; x_wconf 82' lang='lat' dir='ltr'>sunt</span> <span class='ocrx_word' id='word_1_204' title='bbox 705 1274 761 1315; x_wconf 79' lang='lat' dir='ltr'>et,</span> <span class='ocrx_word' id='word_1_205' title='bbox 797 1274 840 1308; x_wconf 86' lang='lat' dir='ltr'>ut</span> <span class='ocrx_word' id='word_1_206' title='bbox 859 1268 924 1306; x_wconf 84' lang='lat' dir='ltr'>ille</span> <span class='ocrx_word' id='word_1_207' title='bbox 945 1268 1050 1319; x_wconf 86' lang='lat' dir='ltr'>gravi</span> <span class='ocrx_word' id='word_1_208' title='bbox 1080 1269 1241 1307; x_wconf 86' lang='lat' dir='ltr'>vulnere</span> <span class='ocrx_word' id='word_1_209' title='bbox 1262 1269 1363 1308; x_wconf 88' lang='lat' dir='ltr'>ictus</span> <span class='ocrx_word' id='word_1_210' title='bbox 1386 1281 1431 1307; x_wconf 86' lang='lat' dir='ltr'>ex</span> <span class='ocrx_word' id='word_1_211' title='bbox 1453 1268 1535 1307; x_wconf 91' lang='lat' dir='ltr'>acie</span> 
     </span>
     <span class='ocr_line' id='line_1_23' title="bbox 113 1323 1579 1377; baseline -0.001 -13"><span class='ocrx_word' id='word_1_212' title='bbox 113 1326 242 1372; x_wconf 83' lang='lat' dir='ltr'>cessit,</span> <span class='ocrx_word' id='word_1_213' title='bbox 265 1325 520 1365; x_wconf 83' lang='lat' dir='ltr'>interfectum</span> <span class='ocrx_word' id='word_1_214' title='bbox 541 1326 616 1365; x_wconf 84' lang='lat' dir='ltr'>rati</span> <span class='ocrx_word' id='word_1_215' title='bbox 636 1326 799 1376; x_wconf 86' lang='lat' dir='ltr'>gradum</span> <span class='ocrx_word' id='word_1_216' title='bbox 822 1325 1029 1371; x_wconf 79' lang='lat' dir='ltr'>rettulere3</span> <span class='ocrx_word' id='word_1_217' title='bbox 1054 1325 1347 1377; x_wconf 83' lang='lat' dir='ltr'>cessissentque</span> <span class='ocrx_word' id='word_1_218' title='bbox 1368 1326 1469 1371; x_wconf 86' lang='lat' dir='ltr'>loco,</span> <span class='ocrx_word' id='word_1_219' title='bbox 1492 1323 1534 1364; x_wconf 92' lang='lat' dir='ltr'>ni</span> <span class='ocrx_word' id='word_1_220' title='bbox 1561 1326 1579 1358; x_wconf 90' lang='lat'><strong>3</strong></span> 
     </span>
     <span class='ocr_line' id='line_1_24' title="bbox 113 1381 1536 1434; baseline 0 -14"><span class='ocrx_word' id='word_1_221' title='bbox 113 1383 251 1421; x_wconf 87' lang='lat' dir='ltr'>consul</span> <span class='ocrx_word' id='word_1_222' title='bbox 272 1382 369 1421; x_wconf 84' lang='lat' dir='ltr'>alter</span> <span class='ocrx_word' id='word_1_223' title='bbox 391 1395 481 1421; x_wconf 89' lang='lat' dir='ltr'>cum</span> <span class='ocrx_word' id='word_1_224' title='bbox 512 1382 660 1434; x_wconf 87' lang='lat' dir='ltr'>aliquot</span> <span class='ocrx_word' id='word_1_225' title='bbox 681 1382 824 1421; x_wconf 88' lang='lat' dir='ltr'>turmis</span> <span class='ocrx_word' id='word_1_226' title='bbox 847 1381 1024 1432; x_wconf 83' lang='lat' dir='ltr'>equitum</span> <span class='ocrx_word' id='word_1_227' title='bbox 1056 1382 1097 1420; x_wconf 92' lang='lat' dir='ltr'>in</span> <span class='ocrx_word' id='word_1_228' title='bbox 1126 1394 1211 1420; x_wconf 87' lang='lat' dir='ltr'>eam</span> <span class='ocrx_word' id='word_1_229' title='bbox 1240 1387 1395 1433; x_wconf 86' lang='lat' dir='ltr'>partem</span> <span class='ocrx_word' id='word_1_230' title='bbox 1417 1381 1536 1420; x_wconf 83' lang='lat' dir='ltr'>citato</span> 
     </span>
     <span class='ocr_line' id='line_1_25' title="bbox 114 1438 1537 1490; baseline 0 -13"><span class='ocrx_word' id='word_1_231' title='bbox 114 1452 214 1490; x_wconf 91' lang='lat' dir='ltr'>equo</span> <span class='ocrx_word' id='word_1_232' title='bbox 233 1439 432 1484; x_wconf 87' lang='lat' dir='ltr'>advectus,</span> <span class='ocrx_word' id='word_1_233' title='bbox 450 1439 580 1478; x_wconf 84' lang='lat' dir='ltr'>vivere</span> <span class='ocrx_word' id='word_1_234' title='bbox 593 1440 797 1478; x_wconf 88' lang='lat' dir='ltr'>clamitans</span> <span class='ocrx_word' id='word_1_235' title='bbox 812 1438 1012 1488; x_wconf 84' lang='lat' dir='ltr'>collegam,</span> <span class='ocrx_word' id='word_1_236' title='bbox 1032 1451 1073 1477; x_wconf 91' lang='lat' dir='ltr'>se</span> <span class='ocrx_word' id='word_1_237' title='bbox 1094 1439 1283 1477; x_wconf 83' lang='lat' dir='ltr'>victorem</span> <span class='ocrx_word' id='word_1_238' title='bbox 1304 1438 1392 1478; x_wconf 88' lang='lat' dir='ltr'>fuso</span> <span class='ocrx_word' id='word_1_239' title='bbox 1415 1439 1537 1477; x_wconf 85' lang='lat' dir='ltr'>altero</span> 
     </span>
     <span class='ocr_line' id='line_1_26' title="bbox 115 1495 1585 1546; baseline -0.001 -12"><span class='ocrx_word' id='word_1_240' title='bbox 115 1507 239 1534; x_wconf 91' lang='lat' dir='ltr'>cornu</span> <span class='ocrx_word' id='word_1_241' title='bbox 260 1496 409 1541; x_wconf 80' lang='lat' dir='ltr'>adesse,</span> <span class='ocrx_word' id='word_1_242' title='bbox 432 1508 518 1534; x_wconf 90' lang='lat' dir='ltr'>rem</span> <span class='ocrx_word' id='word_1_243' title='bbox 551 1496 779 1535; x_wconf 85' lang='lat' dir='ltr'>inclinatam</span> <span class='ocrx_word' id='word_1_244' title='bbox 809 1495 1073 1534; x_wconf 84' lang='lat' dir='ltr'>sustinuisset.</span> <span class='ocrx_word' id='word_1_245' title='bbox 1116 1495 1282 1534; x_wconf 88' lang='lat' dir='ltr'>Manlius</span> <span class='ocrx_word' id='word_1_246' title='bbox 1311 1508 1470 1546; x_wconf 82' lang='lat' dir='ltr'>quoqne</span> <span class='ocrx_word' id='word_1_247' title='bbox 1492 1495 1539 1534; x_wconf 89' lang='lat' dir='ltr'>ad</span> <span class='ocrx_word' id='word_1_248' title='bbox 1564 1500 1585 1531; x_wconf 82' lang='lat'>4</span> 
     </span>
     <span class='ocr_line' id='line_1_27' title="bbox 114 1551 1538 1604; baseline 0 -14"><span class='ocrx_word' id='word_1_249' title='bbox 114 1551 399 1591; x_wconf 82' lang='lat' dir='ltr'>restituendam</span> <span class='ocrx_word' id='word_1_250' title='bbox 432 1553 557 1591; x_wconf 89' lang='lat' dir='ltr'>aciem</span> <span class='ocrx_word' id='word_1_251' title='bbox 590 1566 631 1591; x_wconf 93' lang='lat' dir='ltr'>se</span> <span class='ocrx_word' id='word_1_252' title='bbox 662 1554 745 1604; x_wconf 87' lang='lat' dir='ltr'>ipse</span> <span class='ocrx_word' id='word_1_253' title='bbox 777 1564 909 1591; x_wconf 90' lang='lat' dir='ltr'>coram</span> <span class='ocrx_word' id='word_1_254' title='bbox 942 1552 1066 1591; x_wconf 75' lang='lat' dir='ltr'>offert.</span> <span class='ocrx_word' id='word_1_255' title='bbox 1128 1553 1296 1591; x_wconf 89' lang='lat' dir='ltr'>duorum</span> <span class='ocrx_word' id='word_1_256' title='bbox 1327 1552 1538 1591; x_wconf 81' lang='lat' dir='ltr'>consulum</span> 
     </span>
    </p>
   </div>
   <div class='ocr_carea' id='block_1_4' title="bbox 112 1631 794 2581">
    <p class='ocr_par' dir='ltr' id='par_1_4' title="bbox 112 1631 793 2159">
     <span class='ocr_line' id='line_1_28' title="bbox 112 1631 790 1672; baseline -0.003 -8"><span class='ocrx_word' id='word_1_257' title='bbox 112 1633 167 1671; x_wconf 85' lang='grc'>40,</span> <span class='ocrx_word' id='word_1_258' title='bbox 191 1632 229 1669; x_wconf 82' lang='lat'>4;</span> <span class='ocrx_word' id='word_1_259' title='bbox 262 1631 289 1670; x_wconf 92' lang='lat' dir='ltr'>l,</span> <span class='ocrx_word' id='word_1_260' title='bbox 324 1631 354 1669; x_wconf 88' lang='lat'>9,</span> <span class='ocrx_word' id='word_1_261' title='bbox 386 1631 424 1662; x_wconf 89' lang='lat'>12</span> <span class='ocrx_word' id='word_1_262' title='bbox 448 1642 545 1671; x_wconf 86' lang='lat' dir='ltr'>u.a.;</span> <span class='ocrx_word' id='word_1_263' title='bbox 578 1631 790 1672; x_wconf 79' lang='lat' dir='ltr'>gewo&#39;hnlich</span> 
     </span>
     <span class='ocr_line' id='line_1_29' title="bbox 112 1676 788 1720; baseline -0.001 -11"><span class='ocrx_word' id='word_1_264' title='bbox 112 1681 187 1717; x_wconf 83' lang='lat' dir='ltr'>sagt</span> <span class='ocrx_word' id='word_1_265' title='bbox 210 1676 248 1708; x_wconf 90' lang='lat' dir='ltr'>L.</span> <span class='ocrx_word' id='word_1_266' title='bbox 269 1676 468 1719; x_wconf 77' lang='lat' dir='ltr'>spectaculo,</span> <span class='ocrx_word' id='word_1_267' title='bbox 488 1677 638 1720; x_wconf 63' lang='lat' dir='ltr'>ememplo</span> <span class='ocrx_word' id='word_1_268' title='bbox 661 1688 744 1716; x_wconf 82' lang='lat' dir='ltr'>esse,</span> <span class='ocrx_word' id='word_1_269' title='bbox 761 1686 788 1708; x_wconf 90' lang='lat' dir='ltr'>s.</span> 
     </span>
     <span class='ocr_line' id='line_1_30' title="bbox 113 1722 790 1762; baseline -0.001 -8"><span class='ocrx_word' id='word_1_270' title='bbox 113 1734 141 1754; x_wconf 87' lang='lat' dir='ltr'>c.</span> <span class='ocrx_word' id='word_1_271' title='bbox 161 1723 192 1762; x_wconf 85' lang='lat'>5,</span> <span class='ocrx_word' id='word_1_272' title='bbox 211 1722 248 1759; x_wconf 80' lang='lat'>83</span> <span class='ocrx_word' id='word_1_273' title='bbox 269 1722 321 1762; x_wconf 74' lang='lat'>25,</span> <span class='ocrx_word' id='word_1_274' title='bbox 341 1722 395 1762; x_wconf 80' lang='lat'>29,</span> <span class='ocrx_word' id='word_1_275' title='bbox 413 1723 432 1754; x_wconf 88' lang='grc'>6</span> <span class='ocrx_word' id='word_1_276' title='bbox 451 1733 483 1753; x_wconf 91' lang='lat' dir='ltr'>u.</span> <span class='ocrx_word' id='word_1_277' title='bbox 501 1732 530 1753; x_wconf 88' lang='lat' dir='ltr'>a.</span> <span class='ocrx_word' id='word_1_278' title='bbox 550 1741 592 1746; x_wconf 83' lang='lat'>-——</span> <span class='ocrx_word' id='word_1_279' title='bbox 610 1723 710 1754; x_wconf 72' lang='lat' dir='ltr'>tertio</span> <span class='ocrx_word' id='word_1_280' title='bbox 728 1732 790 1753; x_wconf 84' lang='grc' dir='ltr'>αη-</span> 
     </span>
     <span class='ocr_line' id='line_1_31' title="bbox 114 1767 790 1807; baseline -0.003 -7"><span class='ocrx_word' id='word_1_281' title='bbox 114 1778 166 1807; x_wconf 80' lang='lat' dir='ltr'>no,</span> <span class='ocrx_word' id='word_1_282' title='bbox 184 1777 210 1798; x_wconf 86' lang='lat' dir='ltr'>S.</span> <span class='ocrx_word' id='word_1_283' title='bbox 229 1778 255 1798; x_wconf 91' lang='lat' dir='ltr'>c.</span> <span class='ocrx_word' id='word_1_284' title='bbox 276 1767 330 1799; x_wconf 85' lang='lat'>43.</span> <span class='ocrx_word' id='word_1_285' title='bbox 346 1786 388 1789; x_wconf 97' lang='lat'><strong>—</strong></span> <span class='ocrx_word' id='word_1_286' title='bbox 403 1770 536 1799; x_wconf 78' lang='lat' dir='ltr'>euntem</span> <span class='ocrx_word' id='word_1_287' title='bbox 555 1786 570 1791; x_wconf 91' lang='lat'><em>-</em></span> <span class='ocrx_word' id='word_1_288' title='bbox 588 1770 790 1807; x_wconf 73' lang='lat' dir='ltr'>versantem,</span> 
     </span>
     <span class='ocr_line' id='line_1_32' title="bbox 115 1812 791 1853; baseline -0.001 -8"><span class='ocrx_word' id='word_1_289' title='bbox 115 1813 199 1845; x_wconf 86' lang='lat' dir='ltr'>ohne</span> <span class='ocrx_word' id='word_1_290' title='bbox 216 1813 353 1853; x_wconf 82' lang='lat' dir='ltr'>Angabe</span> <span class='ocrx_word' id='word_1_291' title='bbox 372 1812 432 1844; x_wconf 88' lang='lat' dir='ltr'>der</span> <span class='ocrx_word' id='word_1_292' title='bbox 455 1812 636 1853; x_wconf 85' lang='lat' dir='ltr'>Zeitfolge,</span> <span class='ocrx_word' id='word_1_293' title='bbox 662 1823 715 1844; x_wconf 87' lang='lat' dir='ltr'>um</span> <span class='ocrx_word' id='word_1_294' title='bbox 732 1813 791 1845; x_wconf 87' lang='lat' dir='ltr'>das</span> 
     </span>
     <span class='ocr_line' id='line_1_33' title="bbox 114 1858 791 1899; baseline -0.003 -9"><span class='ocrx_word' id='word_1_295' title='bbox 114 1858 230 1899; x_wconf 82' lang='lat' dir='ltr'>rasche</span> <span class='ocrx_word' id='word_1_296' title='bbox 262 1858 438 1889; x_wconf 87' lang='lat' dir='ltr'>Eintreten</span> <span class='ocrx_word' id='word_1_297' title='bbox 479 1858 537 1890; x_wconf 89' lang='lat' dir='ltr'>des</span> <span class='ocrx_word' id='word_1_298' title='bbox 569 1860 704 1890; x_wconf 77' lang='lat' dir='ltr'>versari</span> <span class='ocrx_word' id='word_1_299' title='bbox 733 1868 791 1890; x_wconf 89' lang='lat' dir='ltr'>an—</span> 
     </span>
     <span class='ocr_line' id='line_1_34' title="bbox 117 1899 791 1944; baseline 0.001 -10"><span class='ocrx_word' id='word_1_300' title='bbox 117 1899 338 1942; x_wconf 52' lang='lat' dir='ltr'>zudeutenss.</span> <span class='ocrx_word' id='word_1_301' title='bbox 358 1914 399 1934; x_wconf 92' lang='lat' dir='ltr'>zu</span> <span class='ocrx_word' id='word_1_302' title='bbox 417 1904 471 1944; x_wconf 90' lang='lat'>21,</span> <span class='ocrx_word' id='word_1_303' title='bbox 490 1904 542 1943; x_wconf 76' lang='lat'>28,</span> <span class='ocrx_word' id='word_1_304' title='bbox 565 1905 595 1935; x_wconf 78' lang='lat'>5.</span> <span class='ocrx_word' id='word_1_305' title='bbox 614 1923 656 1926; x_wconf 96' lang='lat'><strong>—</strong></span> <span class='ocrx_word' id='word_1_306' title='bbox 673 1905 791 1936; x_wconf 78' lang='lat' dir='ltr'>incau-</span> 
     </span>
     <span class='ocr_line' id='line_1_35' title="bbox 116 1948 790 1992; baseline 0 -12"><span class='ocrx_word' id='word_1_307' title='bbox 116 1951 197 1987; x_wconf 76' lang='lat' dir='ltr'>tum,</span> <span class='ocrx_word' id='word_1_308' title='bbox 226 1949 257 1989; x_wconf 82' lang='lat'>6,</span> <span class='ocrx_word' id='word_1_309' title='bbox 286 1949 318 1988; x_wconf 82' lang='lat'>7,</span> <span class='ocrx_word' id='word_1_310' title='bbox 347 1948 385 1987; x_wconf 79' lang='lat'>33</span> <span class='ocrx_word' id='word_1_311' title='bbox 422 1949 451 1988; x_wconf 95' lang='lat'>1,</span> <span class='ocrx_word' id='word_1_312' title='bbox 485 1949 539 1990; x_wconf 85' lang='lat'>21,</span> <span class='ocrx_word' id='word_1_313' title='bbox 569 1951 596 1982; x_wconf 93' lang='lat'>1.</span> <span class='ocrx_word' id='word_1_314' title='bbox 631 1960 790 1992; x_wconf 82' lang='lat' dir='ltr'>—prae-</span> 
     </span>
     <span class='ocr_line' id='line_1_36' title="bbox 117 1994 791 2036; baseline 0.001 -11"><span class='ocrx_word' id='word_1_315' title='bbox 117 2004 200 2036; x_wconf 80' lang='lat' dir='ltr'>ceps,</span> <span class='ocrx_word' id='word_1_316' title='bbox 230 2003 267 2025; x_wconf 86' lang='lat' dir='ltr'>er</span> <span class='ocrx_word' id='word_1_317' title='bbox 299 1994 410 2025; x_wconf 82' lang='lat' dir='ltr'>stiirzt</span> <span class='ocrx_word' id='word_1_318' title='bbox 434 1995 563 2034; x_wconf 85' lang='lat' dir='ltr'>nieder,</span> <span class='ocrx_word' id='word_1_319' title='bbox 595 1994 703 2026; x_wconf 87' lang='lat' dir='ltr'>indem</span> <span class='ocrx_word' id='word_1_320' title='bbox 732 1994 791 2026; x_wconf 83' lang='lat' dir='ltr'>das</span> 
     </span>
     <span class='ocr_line' id='line_1_37' title="bbox 118 2037 793 2079; baseline 0.004 -10"><span class='ocrx_word' id='word_1_321' title='bbox 118 2038 226 2079; x_wconf 82' lang='lat' dir='ltr'>Haupt</span> <span class='ocrx_word' id='word_1_322' title='bbox 258 2037 318 2070; x_wconf 79' lang='lat' dir='ltr'>auf</span> <span class='ocrx_word' id='word_1_323' title='bbox 353 2039 405 2071; x_wconf 87' lang='lat' dir='ltr'>die</span> <span class='ocrx_word' id='word_1_324' title='bbox 439 2040 660 2072; x_wconf 76' lang='lat' dir='ltr'>verwundete</span> <span class='ocrx_word' id='word_1_325' title='bbox 693 2041 793 2072; x_wconf 83' lang='lat' dir='ltr'>Brust</span> 
     </span>
     <span class='ocr_line' id='line_1_38' title="bbox 119 2083 791 2159; baseline 0.006 -46"><span class='ocrx_word' id='word_1_326' title='bbox 119 2083 223 2159; x_wconf 78' lang='lat' dir='ltr'>sin3kt,</span> <span class='ocrx_word' id='word_1_327' title='bbox 250 2083 316 2124; x_wconf 82' lang='lat' dir='ltr'>vgl.</span> <span class='ocrx_word' id='word_1_328' title='bbox 339 2084 365 2123; x_wconf 93' lang='lat'>1,</span> <span class='ocrx_word' id='word_1_329' title='bbox 383 2084 436 2124; x_wconf 83' lang='lat'>58,</span> <span class='ocrx_word' id='word_1_330' title='bbox 457 2085 514 2124; x_wconf 77' lang='grc'>12,</span> <span class='ocrx_word' id='word_1_331' title='bbox 534 2085 619 2117; x_wconf 83' lang='lat' dir='ltr'>Stat.</span> <span class='ocrx_word' id='word_1_332' title='bbox 639 2084 742 2117; x_wconf 82' lang='lat' dir='ltr'>Theb.</span> <span class='ocrx_word' id='word_1_333' title='bbox 761 2086 791 2126; x_wconf 74' lang='lat'>4,</span> 
     </span>
    </p>

    <p class='ocr_par' dir='ltr' id='par_1_5' title="bbox 117 2174 794 2581">
     <span class='ocr_line' id='line_1_39' title="bbox 164 2174 792 2215; baseline 0.002 -10"><span class='ocrx_word' id='word_1_334' title='bbox 164 2174 239 2205; x_wconf 80' lang='grc'><strong>6-7.</strong></span> <span class='ocrx_word' id='word_1_335' title='bbox 284 2175 471 2205; x_wconf 74' lang='lat' dir='ltr'>iniuratus:</span> <span class='ocrx_word' id='word_1_336' title='bbox 507 2175 589 2207; x_wconf 87' lang='lat' dir='ltr'>ohne</span> <span class='ocrx_word' id='word_1_337' title='bbox 622 2175 699 2207; x_wconf 85' lang='lat' dir='ltr'>dass</span> <span class='ocrx_word' id='word_1_338' title='bbox 729 2175 792 2215; x_wconf 90' lang='lat' dir='ltr'>ich,</span> 
     </span>
     <span class='ocr_line' id='line_1_40' title="bbox 121 2218 792 2260; baseline 0.007 -11"><span class='ocrx_word' id='word_1_339' title='bbox 121 2218 275 2259; x_wconf 85' lang='lat' dir='ltr'>obgleich</span> <span class='ocrx_word' id='word_1_340' title='bbox 294 2218 348 2250; x_wconf 86' lang='lat' dir='ltr'>ich</span> <span class='ocrx_word' id='word_1_341' title='bbox 367 2219 467 2260; x_wconf 88' lang='lat' dir='ltr'>nicht,</span> <span class='ocrx_word' id='word_1_342' title='bbox 495 2230 520 2251; x_wconf 92' lang='lat' dir='ltr'>s.</span> <span class='ocrx_word' id='word_1_343' title='bbox 539 2221 590 2259; x_wconf 88' lang='lat'>10,</span> <span class='ocrx_word' id='word_1_344' title='bbox 605 2221 659 2257; x_wconf 82' lang='lat'>41,</span> <span class='ocrx_word' id='word_1_345' title='bbox 682 2222 732 2254; x_wconf 89' lang='lat'>10.</span> <span class='ocrx_word' id='word_1_346' title='bbox 749 2240 792 2243; x_wconf 97' lang='lat'><strong>—</strong></span> 
     </span>
     <span class='ocr_line' id='line_1_41' title="bbox 117 2264 793 2307; baseline 0.003 -11"><span class='ocrx_word' id='word_1_347' title='bbox 117 2264 245 2296; x_wconf 78' lang='lat' dir='ltr'>consuli</span> <span class='ocrx_word' id='word_1_348' title='bbox 273 2284 287 2288; x_wconf 97' lang='lat'>-</span> <span class='ocrx_word' id='word_1_349' title='bbox 313 2265 443 2303; x_wconf 78' lang='lat' dir='ltr'>consul,</span> <span class='ocrx_word' id='word_1_350' title='bbox 477 2275 529 2297; x_wconf 87' lang='lat' dir='ltr'>um</span> <span class='ocrx_word' id='word_1_351' title='bbox 563 2265 617 2297; x_wconf 89' lang='grc'><strong>(110</strong></span> <span class='ocrx_word' id='word_1_352' title='bbox 649 2265 793 2307; x_wconf 84' lang='lat' dir='ltr'>Begriffe</span> 
     </span>
     <span class='ocr_line' id='line_1_42' title="bbox 117 2310 794 2352; baseline 0.003 -12"><span class='ocrx_word' id='word_1_353' title='bbox 117 2310 407 2350; x_wconf 83' lang='lat' dir='ltr'>hervorzuheben,</span> <span class='ocrx_word' id='word_1_354' title='bbox 432 2321 473 2342; x_wconf 87' lang='lat' dir='ltr'>an</span> <span class='ocrx_word' id='word_1_355' title='bbox 498 2311 560 2342; x_wconf 89' lang='lat' dir='ltr'>den</span> <span class='ocrx_word' id='word_1_356' title='bbox 578 2310 711 2352; x_wconf 84' lang='lat' dir='ltr'>Anfang</span> <span class='ocrx_word' id='word_1_357' title='bbox 728 2311 794 2343; x_wconf 90' lang='lat' dir='ltr'>und</span> 
     </span>
     <span class='ocr_line' id='line_1_43' title="bbox 118 2354 794 2396; baseline 0.004 -11"><span class='ocrx_word' id='word_1_358' title='bbox 118 2354 177 2386; x_wconf 88' lang='lat' dir='ltr'>das</span> <span class='ocrx_word' id='word_1_359' title='bbox 200 2354 293 2386; x_wconf 89' lang='lat' dir='ltr'>Ende</span> <span class='ocrx_word' id='word_1_360' title='bbox 318 2355 467 2395; x_wconf 87' lang='lat' dir='ltr'>gestellt.</span> <span class='ocrx_word' id='word_1_361' title='bbox 498 2375 539 2378; x_wconf 85' lang='lat'>——-</span> <span class='ocrx_word' id='word_1_362' title='bbox 560 2357 721 2396; x_wconf 75' lang='lat' dir='ltr'>verbisne,</span> <span class='ocrx_word' id='word_1_363' title='bbox 738 2356 794 2388; x_wconf 86' lang='lat' dir='ltr'>bei</span> 
     </span>
     <span class='ocr_line' id='line_1_44' title="bbox 119 2399 793 2441; baseline 0.004 -11"><span class='ocrx_word' id='word_1_364' title='bbox 119 2400 180 2431; x_wconf 83' lang='lat' dir='ltr'>der</span> <span class='ocrx_word' id='word_1_365' title='bbox 201 2399 382 2441; x_wconf 81' lang='lat' dir='ltr'>Anfiigung</span> <span class='ocrx_word' id='word_1_366' title='bbox 405 2401 464 2432; x_wconf 85' lang='lat' dir='ltr'>der</span> <span class='ocrx_word' id='word_1_367' title='bbox 492 2406 578 2433; x_wconf 86' lang='lat' dir='ltr'>orat.</span> <span class='ocrx_word' id='word_1_368' title='bbox 596 2407 690 2433; x_wconf 79' lang='lat' dir='ltr'>recta</span> <span class='ocrx_word' id='word_1_369' title='bbox 706 2402 793 2433; x_wconf 86' lang='lat' dir='ltr'>wird</span> 
     </span>
     <span class='ocr_line' id='line_1_45' title="bbox 118 2445 793 2488; baseline 0.003 -12"><span class='ocrx_word' id='word_1_370' title='bbox 118 2445 229 2486; x_wconf 82' lang='lat' dir='ltr'>inquit</span> <span class='ocrx_word' id='word_1_371' title='bbox 257 2446 349 2477; x_wconf 81' lang='lat' dir='ltr'>nicht</span> <span class='ocrx_word' id='word_1_372' title='bbox 376 2446 485 2478; x_wconf 86' lang='lat' dir='ltr'>selten</span> <span class='ocrx_word' id='word_1_373' title='bbox 514 2457 578 2478; x_wconf 86' lang='lat' dir='ltr'>von</span> <span class='ocrx_word' id='word_1_374' title='bbox 603 2446 638 2478; x_wconf 90' lang='lat' dir='ltr'>L.</span> <span class='ocrx_word' id='word_1_375' title='bbox 658 2457 793 2488; x_wconf 77' lang='lat' dir='ltr'>wegge-</span> 
     </span>
     <span class='ocr_line' id='line_1_46' title="bbox 120 2490 792 2535; baseline 0.006 -15"><span class='ocrx_word' id='word_1_376' title='bbox 120 2490 241 2522; x_wconf 85' lang='lat' dir='ltr'>lassen.</span> <span class='ocrx_word' id='word_1_377' title='bbox 271 2510 313 2514; x_wconf 93' lang='lat'>—</span> <span class='ocrx_word' id='word_1_378' title='bbox 341 2492 591 2535; x_wconf 74' lang='lat' dir='ltr'>impetrabunt,</span> <span class='ocrx_word' id='word_1_379' title='bbox 623 2493 655 2524; x_wconf 92' lang='lat' dir='ltr'>in</span> <span class='ocrx_word' id='word_1_380' title='bbox 686 2497 792 2524; x_wconf 72' lang='lat' dir='ltr'>etwas</span> 
     </span>
     <span class='ocr_line' id='line_1_47' title="bbox 120 2535 793 2581; baseline 0.007 -16"><span class='ocrx_word' id='word_1_381' title='bbox 120 2535 275 2567; x_wconf 82' lang='lat' dir='ltr'>auderem</span> <span class='ocrx_word' id='word_1_382' title='bbox 293 2536 406 2577; x_wconf 82' lang='grc'><strong>8111110,</strong></span> <span class='ocrx_word' id='word_1_383' title='bbox 443 2538 492 2569; x_wconf 91' lang='lat' dir='ltr'>als</span> <span class='ocrx_word' id='word_1_384' title='bbox 523 2539 793 2581; x_wconf 73' lang='lat' dir='ltr'>impetraturum,</span> 
     </span>
    </p>
   </div>
   <div class='ocr_carea' id='block_1_5' title="bbox 856 1631 1542 1989">
    <p class='ocr_par' dir='ltr' id='par_1_6' title="bbox 856 1631 1542 1989">
     <span class='ocr_line' id='line_1_48' title="bbox 862 1631 1541 1671; baseline 0.003 -9"><span class='ocrx_word' id='word_1_385' title='bbox 862 1631 911 1663; x_wconf 86' lang='grc'>510</span> <span class='ocrx_word' id='word_1_386' title='bbox 939 1631 1075 1663; x_wconf 85' lang='lat' dir='ltr'>w·e1den</span> <span class='ocrx_word' id='word_1_387' title='bbox 1105 1641 1140 1663; x_wconf 87' lang='lat' dir='ltr'>es</span> <span class='ocrx_word' id='word_1_388' title='bbox 1177 1632 1278 1664; x_wconf 85' lang='lat' dir='ltr'>sehon</span> <span class='ocrx_word' id='word_1_389' title='bbox 1305 1631 1541 1671; x_wconf 82' lang='lat' dir='ltr'>duiehsetzen,</span> 
     </span>
     <span class='ocr_line' id='line_1_49' title="bbox 863 1675 1541 1719; baseline 0.003 -12"><span class='ocrx_word' id='word_1_390' title='bbox 863 1676 961 1708; x_wconf 83' lang='lat' dir='ltr'>dahin</span> <span class='ocrx_word' id='word_1_391' title='bbox 995 1677 1154 1718; x_wconf 80' lang='lat' dir='ltr'>bringen,</span> <span class='ocrx_word' id='word_1_392' title='bbox 1194 1678 1271 1709; x_wconf 79' lang='lat' dir='ltr'>dass</span> <span class='ocrx_word' id='word_1_393' title='bbox 1307 1677 1354 1709; x_wconf 85' lang='lat' dir='ltr'>sie</span> <span class='ocrx_word' id='word_1_394' title='bbox 1387 1675 1541 1719; x_wconf 74' lang='lat' dir='ltr'>kampfen</span> 
     </span>
     <span class='ocr_line' id='line_1_50' title="bbox 863 1721 1541 1765; baseline 0.003 -12"><span class='ocrx_word' id='word_1_395' title='bbox 863 1721 1008 1754; x_wconf 83' lang='grc'><strong>1111155011.</strong></span> <span class='ocrx_word' id='word_1_396' title='bbox 1027 1741 1069 1744; x_wconf 90' lang='grc'><strong>-</strong></span> <span class='ocrx_word' id='word_1_397' title='bbox 1089 1724 1249 1765; x_wconf 34' lang='lat' dir='ltr'>ifflrzplzm,</span> <span class='ocrx_word' id='word_1_398' title='bbox 1267 1733 1293 1754; x_wconf 90' lang='lat' dir='ltr'>s.</span> <span class='ocrx_word' id='word_1_399' title='bbox 1312 1734 1339 1754; x_wconf 91' lang='lat' dir='ltr'>c.</span> <span class='ocrx_word' id='word_1_400' title='bbox 1360 1722 1412 1764; x_wconf 86' lang='grc'>20,</span> <span class='ocrx_word' id='word_1_401' title='bbox 1434 1724 1483 1755; x_wconf 87' lang='grc'>10.</span> <span class='ocrx_word' id='word_1_402' title='bbox 1499 1741 1541 1745; x_wconf 88' lang='grc'>--</span> 
     </span>
     <span class='ocr_line' id='line_1_51' title="bbox 865 1767 1542 1808; baseline 0.001 -10"><span class='ocrx_word' id='word_1_403' title='bbox 865 1767 992 1808; x_wconf 29' lang='lat' dir='ltr'>anest,</span> <span class='ocrx_word' id='word_1_404' title='bbox 1012 1778 1039 1799; x_wconf 92' lang='lat' dir='ltr'>c.</span> <span class='ocrx_word' id='word_1_405' title='bbox 1059 1767 1112 1807; x_wconf 86' lang='lat'>20,</span> <span class='ocrx_word' id='word_1_406' title='bbox 1132 1768 1150 1798; x_wconf 85' lang='lat'>2</span> <span class='ocrx_word' id='word_1_407' title='bbox 1169 1779 1200 1798; x_wconf 93' lang='lat' dir='ltr'>u.</span> <span class='ocrx_word' id='word_1_408' title='bbox 1219 1767 1285 1807; x_wconf 84' lang='lat' dir='ltr'>oft3</span> <span class='ocrx_word' id='word_1_409' title='bbox 1309 1769 1368 1799; x_wconf 87' lang='lat' dir='ltr'>das</span> <span class='ocrx_word' id='word_1_410' title='bbox 1392 1767 1465 1799; x_wconf 90' lang='lat' dir='ltr'>hds.</span> <span class='ocrx_word' id='word_1_411' title='bbox 1489 1769 1542 1799; x_wconf 78' lang='lat' dir='ltr'>in-</span> 
     </span>
     <span class='ocr_line' id='line_1_52' title="bbox 856 1812 1541 1854; baseline 0.001 -11"><span class='ocrx_word' id='word_1_412' title='bbox 856 1812 976 1854; x_wconf 66' lang='grc' dir='ltr'>ι11311515</span> <span class='ocrx_word' id='word_1_413' title='bbox 998 1813 1090 1844; x_wconf 71' lang='lat' dir='ltr'>ware</span> <span class='ocrx_word' id='word_1_414' title='bbox 1123 1813 1217 1845; x_wconf 86' lang='grc'><strong>1110111</strong></span> <span class='ocrx_word' id='word_1_415' title='bbox 1240 1812 1456 1851; x_wconf 81' lang='lat' dir='ltr'>dichterisch,</span> <span class='ocrx_word' id='word_1_416' title='bbox 1487 1813 1541 1844; x_wconf 89' lang='lat' dir='ltr'>die</span> 
     </span>
     <span class='ocr_line' id='line_1_53' title="bbox 866 1856 1541 1898; baseline 0.001 -10"><span class='ocrx_word' id='word_1_417' title='bbox 866 1856 1088 1898; x_wconf 80' lang='lat' dir='ltr'>Eigenschaft</span> <span class='ocrx_word' id='word_1_418' title='bbox 1124 1859 1183 1889; x_wconf 86' lang='lat' dir='ltr'>der</span> <span class='ocrx_word' id='word_1_419' title='bbox 1223 1858 1350 1890; x_wconf 88' lang='lat' dir='ltr'>Person</span> <span class='ocrx_word' id='word_1_420' title='bbox 1391 1856 1451 1890; x_wconf 85' lang='lat' dir='ltr'>auf</span> <span class='ocrx_word' id='word_1_421' title='bbox 1486 1858 1541 1890; x_wconf 86' lang='grc'><strong>(110</strong></span> 
     </span>
     <span class='ocr_line' id='line_1_54' title="bbox 866 1903 1540 1944; baseline 0 -10"><span class='ocrx_word' id='word_1_422' title='bbox 866 1903 972 1935; x_wconf 84' lang='lat' dir='ltr'>Sache</span> <span class='ocrx_word' id='word_1_423' title='bbox 1001 1903 1258 1944; x_wconf 80' lang='lat' dir='ltr'>iibergetragen,</span> <span class='ocrx_word' id='word_1_424' title='bbox 1287 1915 1313 1936; x_wconf 92' lang='lat' dir='ltr'>s.</span> <span class='ocrx_word' id='word_1_425' title='bbox 1331 1904 1432 1944; x_wconf 83' lang='lat' dir='ltr'>Verg.</span> <span class='ocrx_word' id='word_1_426' title='bbox 1460 1904 1540 1936; x_wconf 84' lang='lat' dir='ltr'>Aen.</span> 
     </span>
     <span class='ocr_line' id='line_1_55' title="bbox 866 1948 1321 1989; baseline 0.002 -9"><span class='ocrx_word' id='word_1_427' title='bbox 866 1949 897 1987; x_wconf 89' lang='lat'>9,</span> <span class='ocrx_word' id='word_1_428' title='bbox 917 1948 998 1987; x_wconf 76' lang='lat'>7933</span> <span class='ocrx_word' id='word_1_429' title='bbox 1023 1948 1070 1989; x_wconf 88' lang='lat'>10,</span> <span class='ocrx_word' id='word_1_430' title='bbox 1092 1948 1175 1988; x_wconf 79' lang='lat'>5213</span> <span class='ocrx_word' id='word_1_431' title='bbox 1193 1951 1223 1989; x_wconf 80' lang='lat'>5,</span> <span class='ocrx_word' id='word_1_432' title='bbox 1243 1949 1321 1981; x_wconf 79' lang='lat'>641.</span> 
     </span>
    </p>
   </div>
   <div class='ocr_carea' id='block_1_6' title="bbox 865 2032 1544 2171">
    <p class='ocr_par' dir='ltr' id='par_1_7' title="bbox 865 2032 1544 2171">
     <span class='ocr_line' id='line_1_56' title="bbox 912 2032 1540 2080; baseline 0.002 -11"><span class='ocrx_word' id='word_1_433' title='bbox 912 2032 976 2070; x_wconf 75' lang='lat'>47.</span> <span class='ocrx_word' id='word_1_434' title='bbox 1006 2037 1080 2069; x_wconf 88' lang='grc'><strong>1-4.</strong></span> <span class='ocrx_word' id='word_1_435' title='bbox 1117 2040 1216 2080; x_wconf 58' lang='lat' dir='ltr'>oieb„</span> <span class='ocrx_word' id='word_1_436' title='bbox 1243 2041 1270 2079; x_wconf 90' lang='lat'>1,</span> <span class='ocrx_word' id='word_1_437' title='bbox 1293 2040 1344 2079; x_wconf 90' lang='grc'>12,</span> <span class='ocrx_word' id='word_1_438' title='bbox 1363 2039 1394 2071; x_wconf 86' lang='grc'>2.</span> <span class='ocrx_word' id='word_1_439' title='bbox 1413 2058 1456 2062; x_wconf 93' lang='grc'>-</span> <span class='ocrx_word' id='word_1_440' title='bbox 1473 2038 1540 2079; x_wconf 76' lang='lat' dir='ltr'>ille,</span> 
     </span>
     <span class='ocr_line' id='line_1_57' title="bbox 866 2082 1544 2126; baseline 0 -11"><span class='ocrx_word' id='word_1_441' title='bbox 866 2082 916 2115; x_wconf 83' lang='lat' dir='ltr'>oft</span> <span class='ocrx_word' id='word_1_442' title='bbox 947 2094 1013 2115; x_wconf 91' lang='lat' dir='ltr'>von</span> <span class='ocrx_word' id='word_1_443' title='bbox 1054 2084 1137 2126; x_wconf 87' lang='lat' dir='ltr'>dem,</span> <span class='ocrx_word' id='word_1_444' title='bbox 1162 2095 1233 2117; x_wconf 84' lang='lat' dir='ltr'>was</span> <span class='ocrx_word' id='word_1_445' title='bbox 1264 2086 1389 2117; x_wconf 83' lang='lat' dir='ltr'>vorher</span> <span class='ocrx_word' id='word_1_446' title='bbox 1422 2084 1544 2126; x_wconf 80' lang='lat' dir='ltr'>object</span> 
     </span>
     <span class='ocr_line' id='line_1_58' title="bbox 865 2130 1542 2171; baseline 0.001 -11"><span class='ocrx_word' id='word_1_447' title='bbox 865 2139 948 2161; x_wconf 86' lang='lat' dir='ltr'>war.</span> <span class='ocrx_word' id='word_1_448' title='bbox 982 2148 1025 2152; x_wconf 48' lang='grc'>*-</span> <span class='ocrx_word' id='word_1_449' title='bbox 1058 2132 1168 2171; x_wconf 76' lang='lat' dir='ltr'>cessit,</span> <span class='ocrx_word' id='word_1_450' title='bbox 1200 2130 1266 2162; x_wconf 83' lang='lat' dir='ltr'>wie</span> <span class='ocrx_word' id='word_1_451' title='bbox 1301 2132 1331 2170; x_wconf 77' lang='lat'>7,</span> <span class='ocrx_word' id='word_1_452' title='bbox 1366 2130 1420 2171; x_wconf 76' lang='lat'>24,</span> <span class='ocrx_word' id='word_1_453' title='bbox 1444 2130 1476 2162; x_wconf 88' lang='grc'><strong>3.</strong></span> <span class='ocrx_word' id='word_1_454' title='bbox 1499 2147 1542 2152; x_wconf 87' lang='grc'><strong>-</strong></span> 
     </span>
    </p>
   </div>
   <div class='ocr_carea' id='block_1_7' title="bbox 862 2174 1544 2579">
    <p class='ocr_par' dir='ltr' id='par_1_8' title="bbox 862 2174 1544 2579">
     <span class='ocr_line' id='line_1_59' title="bbox 862 2174 1544 2216; baseline 0 -10"><span class='ocrx_word' id='word_1_455' title='bbox 862 2174 963 2216; x_wconf 75' lang='lat' dir='ltr'>grad.</span> <span class='ocrx_word' id='word_1_456' title='bbox 985 2175 1150 2216; x_wconf 73' lang='lat' dir='ltr'>rettulere,</span> <span class='ocrx_word' id='word_1_457' title='bbox 1181 2176 1247 2207; x_wconf 78' lang='lat' dir='ltr'>wie</span> <span class='ocrx_word' id='word_1_458' title='bbox 1272 2176 1416 2216; x_wconf 77' lang='lat' dir='ltr'>cedebat,</span> <span class='ocrx_word' id='word_1_459' title='bbox 1442 2187 1470 2207; x_wconf 89' lang='lat' dir='ltr'>c.</span> <span class='ocrx_word' id='word_1_460' title='bbox 1488 2175 1544 2214; x_wconf 80' lang='lat'>46,</span> 
     </span>
     <span class='ocr_line' id='line_1_60' title="bbox 868 2219 1544 2253; baseline -0.001 -2"><span class='ocrx_word' id='word_1_461' title='bbox 868 2222 905 2251; x_wconf 85' lang='lat'>5:</span> <span class='ocrx_word' id='word_1_462' title='bbox 930 2219 980 2251; x_wconf 87' lang='grc'>510</span> <span class='ocrx_word' id='word_1_463' title='bbox 1006 2220 1135 2252; x_wconf 87' lang='lat' dir='ltr'>wichen</span> <span class='ocrx_word' id='word_1_464' title='bbox 1161 2232 1226 2252; x_wconf 80' lang='lat' dir='ltr'>von</span> <span class='ocrx_word' id='word_1_465' title='bbox 1246 2221 1319 2253; x_wconf 88' lang='lat' dir='ltr'>dem</span> <span class='ocrx_word' id='word_1_466' title='bbox 1338 2221 1467 2253; x_wconf 81' lang='lat' dir='ltr'>Punkte</span> <span class='ocrx_word' id='word_1_467' title='bbox 1486 2231 1544 2251; x_wconf 90' lang='lat' dir='ltr'>zu-</span> 
     </span>
     <span class='ocr_line' id='line_1_61' title="bbox 867 2265 1543 2308; baseline 0 -12"><span class='ocrx_word' id='word_1_468' title='bbox 867 2265 961 2304; x_wconf 85' lang='lat' dir='ltr'>riick,</span> <span class='ocrx_word' id='word_1_469' title='bbox 991 2265 1043 2296; x_wconf 86' lang='lat' dir='ltr'>bis</span> <span class='ocrx_word' id='word_1_470' title='bbox 1069 2277 1110 2298; x_wconf 90' lang='lat' dir='ltr'>zu</span> <span class='ocrx_word' id='word_1_471' title='bbox 1128 2268 1200 2298; x_wconf 86' lang='lat' dir='ltr'>dem</span> <span class='ocrx_word' id='word_1_472' title='bbox 1218 2267 1267 2298; x_wconf 88' lang='lat' dir='ltr'>sie</span> <span class='ocrx_word' id='word_1_473' title='bbox 1285 2267 1543 2308; x_wconf 83' lang='lat' dir='ltr'>vorgedrungeu</span> 
     </span>
     <span class='ocr_line' id='line_1_62' title="bbox 867 2311 1543 2353; baseline 0 -12"><span class='ocrx_word' id='word_1_474' title='bbox 867 2320 993 2349; x_wconf 76' lang='lat' dir='ltr'>waren,</span> <span class='ocrx_word' id='word_1_475' title='bbox 1011 2312 1076 2342; x_wconf 88' lang='lat' dir='ltr'>und</span> <span class='ocrx_word' id='word_1_476' title='bbox 1094 2312 1234 2343; x_wconf 75' lang='lat' dir='ltr'>wiirden</span> <span class='ocrx_word' id='word_1_477' title='bbox 1252 2323 1353 2353; x_wconf 80' lang='lat' dir='ltr'>sogar</span> <span class='ocrx_word' id='word_1_478' title='bbox 1371 2313 1425 2343; x_wconf 85' lang='lat' dir='ltr'>die</span> <span class='ocrx_word' id='word_1_479' title='bbox 1443 2311 1543 2343; x_wconf 88' lang='lat' dir='ltr'>ihnen</span> 
     </span>
     <span class='ocr_line' id='line_1_63' title="bbox 867 2355 1544 2397; baseline -0.004 -9"><span class='ocrx_word' id='word_1_480' title='bbox 867 2355 1103 2397; x_wconf 78' lang='lat' dir='ltr'>augewiesene</span> <span class='ocrx_word' id='word_1_481' title='bbox 1127 2357 1233 2388; x_wconf 82' lang='lat' dir='ltr'>Stelle</span> <span class='ocrx_word' id='word_1_482' title='bbox 1258 2356 1462 2397; x_wconf 79' lang='lat' dir='ltr'>ausgegeben</span> <span class='ocrx_word' id='word_1_483' title='bbox 1485 2356 1544 2387; x_wconf 85' lang='lat' dir='ltr'>ha-</span> 
     </span>
     <span class='ocr_line' id='line_1_64' title="bbox 868 2402 1544 2434; baseline -0.004 -1"><span class='ocrx_word' id='word_1_484' title='bbox 868 2402 942 2433; x_wconf 90' lang='lat' dir='ltr'>ben.</span> <span class='ocrx_word' id='word_1_485' title='bbox 961 2419 1004 2424; x_wconf 80' lang='lat'>—</span> <span class='ocrx_word' id='word_1_486' title='bbox 1029 2412 1133 2433; x_wconf 72' lang='lat' dir='ltr'>corna</span> <span class='ocrx_word' id='word_1_487' title='bbox 1159 2414 1188 2433; x_wconf 90' lang='lat' dir='ltr'>n.</span> <span class='ocrx_word' id='word_1_488' title='bbox 1215 2404 1369 2434; x_wconf 74' lang='lat' dir='ltr'>hostium.</span> <span class='ocrx_word' id='word_1_489' title='bbox 1399 2421 1441 2424; x_wconf 81' lang='lat'>——</span> <span class='ocrx_word' id='word_1_490' title='bbox 1471 2410 1544 2431; x_wconf 75' lang='lat' dir='ltr'>rem</span> 
     </span>
     <span class='ocr_line' id='line_1_65' title="bbox 867 2446 1541 2489; baseline -0.003 -11"><span class='ocrx_word' id='word_1_491' title='bbox 867 2446 955 2485; x_wconf 56' lang='lat' dir='ltr'>incl„</span> <span class='ocrx_word' id='word_1_492' title='bbox 977 2447 1028 2478; x_wconf 85' lang='lat' dir='ltr'>ins</span> <span class='ocrx_word' id='word_1_493' title='bbox 1039 2446 1541 2489; x_wconf 53' lang='grc'><strong>1170011011301101111110110830110,</strong></span> 
     </span>
     <span class='ocr_line' id='line_1_66' title="bbox 867 2489 1542 2532; baseline -0.006 -8"><span class='ocrx_word' id='word_1_494' title='bbox 867 2492 1034 2532; x_wconf 87' lang='lat' dir='ltr'>Schlacht,</span> <span class='ocrx_word' id='word_1_495' title='bbox 1062 2493 1328 2532; x_wconf 76' lang='lat' dir='ltr'>Schlachtreihe,</span> <span class='ocrx_word' id='word_1_496' title='bbox 1354 2493 1420 2531; x_wconf 74' lang='lat' dir='ltr'>vgl.</span> <span class='ocrx_word' id='word_1_497' title='bbox 1441 2493 1469 2528; x_wconf 86' lang='lat'>1,</span> <span class='ocrx_word' id='word_1_498' title='bbox 1489 2489 1542 2532; x_wconf 73' lang='lat'>27,</span> 
     </span>
     <span class='ocr_line' id='line_1_67' title="bbox 867 2538 1543 2579; baseline -0.006 -9"><span class='ocrx_word' id='word_1_499' title='bbox 867 2538 904 2576; x_wconf 80' lang='lat'>63</span> <span class='ocrx_word' id='word_1_500' title='bbox 937 2542 968 2577; x_wconf 84' lang='grc'>2,</span> <span class='ocrx_word' id='word_1_501' title='bbox 999 2540 1052 2579; x_wconf 74' lang='grc'>40,</span> <span class='ocrx_word' id='word_1_502' title='bbox 1080 2540 1108 2569; x_wconf 70' lang='grc'>0.</span> <span class='ocrx_word' id='word_1_503' title='bbox 1128 2556 1171 2561; x_wconf 86' lang='lat'>—</span> <span class='ocrx_word' id='word_1_504' title='bbox 1189 2548 1312 2578; x_wconf 69' lang='lat' dir='ltr'>coram,</span> <span class='ocrx_word' id='word_1_505' title='bbox 1342 2547 1414 2577; x_wconf 64' lang='lat' dir='ltr'>xor,</span> <span class='ocrx_word' id='word_1_506' title='bbox 1444 2545 1543 2575; x_wconf 80' lang='lat' dir='ltr'>ange-</span> 
     </span>
    </p>
   </div>
  </div>
 </body>
</html>
