1698 2864
137 446 176 478 10

137 670 174 704 11

136 782 175 815 12

138 949 176 980 13

139 1059 179 1092 14

144 1229 183 1260 15

140 1397 178 1428 16

696 224 823 257 LIBER
848 224 887 257 V.
938 223 1028 256 CAP.
1048 223 1102 256 21.

204 227 283 266 304
1447 241 1472 258 a.
1494 240 1521 258 u.
1541 233 1602 259 358.

202 327 341 367 raculis
372 327 522 378 aptiora
549 338 663 378 quam
693 326 738 365 ad
767 326 882 365 fidem
909 338 1035 377 neque
1060 326 1264 366 adfirmare
1290 337 1415 377 neque
1435 325 1603 365 refellere

205 396 344 435 operae
364 383 531 434 pretium
552 387 623 422 est.

317 439 527 478 Cuniculus
556 439 709 478 delectis
737 438 922 477 militibus
943 450 988 476 eo
1009 442 1187 489 tempore
1208 438 1345 489 plenus
1367 437 1406 476 in
1428 437 1520 476 aede
1540 437 1604 476 Iu-

205 496 339 545 nonis,
370 508 466 547 quae
493 496 532 534 in
553 495 759 534 Veientana
789 495 999 541 arce'erat,
1028 499 1198 533 armatos
1221 500 1378 545 repente
1399 493 1528 532 edidit.
1568 498 1606 532 et

204 564 294 604 pars
322 564 478 591 aversos
510 551 548 590 in
577 552 697 590 muris
719 551 905 590 invadunt
925 551 1078 597 hostes,
1105 563 1194 601 pars
1217 550 1381 589 claustra
1402 555 1605 600 portarum

204 609 406 654 revellunt,
436 620 545 659 pars,
577 620 665 646 cum
692 620 735 645 ex
764 607 874 646 tectis
905 619 995 646 saxa
1023 607 1248 657 tegulaeque
1275 619 1296 645 a
1316 605 1540 644 mulieribus
1563 618 1606 644 ac

206 665 370 704 servitiis
393 664 627 710 iacerentur,
651 664 820 702 inferunt
841 663 962 714 ignes.
1004 663 1148 701 clamor
1170 662 1301 700 omnia
1323 661 1435 700 variis
1456 666 1606 700 terren-

204 721 300 760 tium
322 733 365 759 ac
386 720 604 771 paventium
628 719 783 758 vocibus
805 719 924 758 mixto
946 718 1149 757 mulierum
1168 730 1210 756 ac
1226 730 1436 768 puerorum
1454 717 1607 768 ploratu

206 777 385 827 complet.
428 780 627 814 momento
657 775 844 826 temporis
874 774 1029 813 deiectis
1058 787 1103 813 ex
1124 786 1236 813 muro
1259 774 1428 825 undique
1449 774 1606 813 armatis

205 832 483 884 patefactisque
519 832 643 882 portis
680 844 767 870 cum
804 831 866 869 alii
901 830 1050 881 agmine
1084 830 1300 876 inruerent,
1337 831 1396 869 alii
1433 830 1607 869 desertos

206 889 435 927 scanderent
455 900 603 934 muros,
624 887 716 926 urbs
737 887 915 926 hostibus
937 887 1116 937 inpletur,
1141 886 1324 925 omnibus
1344 886 1438 925 locis
1456 898 1606 937 pugna-

205 949 280 983 tur.
328 944 464 983 deinde
493 944 611 982 multa
638 944 713 982 iam
742 943 842 982 edita
869 943 982 982 caede
1010 943 1178 982 senescit
1204 955 1350 994 pugna,
1379 948 1414 981 et
1444 942 1607 981 dictator

208 1012 418 1051 praecones
447 1000 594 1039 edicere
615 1000 738 1046 iubet,
769 1004 810 1038 ut
830 999 876 1038 ab
900 999 1038 1038 inermi
1060 999 1307 1038 abstineatur.
1348 999 1380 1038 is
1402 998 1488 1037 finis
1511 1010 1607 1037 san-

208 1056 333 1107 guinis
353 1056 436 1095 fuit.
478 1056 563 1094 dedi
585 1056 673 1094 inde
694 1056 861 1094 inermes
886 1056 1029 1106 coepti,
1057 1060 1094 1094 et
1115 1056 1159 1094 ad
1182 1055 1364 1106 praedam
1386 1055 1494 1094 miles
1518 1067 1606 1106 per—

207 1113 331 1151 missu
352 1112 548 1151 dictatoris
571 1112 764 1151 discurrit.
801 1124 896 1162 quae
912 1124 999 1150 cum
1018 1116 1105 1150 ante
1122 1112 1254 1150 oculos
1272 1112 1352 1151 eius
1371 1111 1606 1162 aliquantum

208 1181 276 1219 spe
297 1173 410 1219 atque
431 1168 615 1218 opinione
638 1168 761 1207 maior
782 1167 1018 1218 maiorisque
1039 1168 1151 1217 pretii
1167 1180 1296 1206 rerum
1313 1168 1490 1212 ferretur,
1513 1167 1607 1205 dici-

208 1229 271 1263 tur
300 1236 437 1262 manus
465 1224 510 1262 ad
543 1224 686 1262 caelum
715 1223 855 1262 tollens
883 1228 1060 1274 precatus
1082 1236 1188 1269 esse,
1219 1228 1280 1269 ut,
1310 1224 1342 1262 si
1364 1223 1422 1262 cui
1444 1223 1607 1262 deorum

206 1280 485 1331 hominumque
507 1280 623 1318 nimia
644 1292 714 1318 sua
734 1280 889 1318 fortuna
912 1279 1121 1330 populique
1142 1280 1309 1318 Romani
1331 1279 1544 1326 videretur,
1566 1284 1608 1318 ut

206 1349 288 1375 eam
318 1336 496 1374 invidiam
526 1336 645 1374 lenire
674 1348 788 1386 quam
809 1335 971 1374 minimo
995 1348 1066 1374 suo
1088 1336 1235 1386 privato
1258 1336 1509 1375 incommodo
1532 1347 1606 1386 pu-

206 1392 380 1443 blicoque
408 1392 541 1443 populi
562 1392 728 1431 Romani
748 1392 891 1431 liceret.
934 1397 1219 1430 convertentem
1243 1404 1283 1430 se
1303 1393 1402 1430 inter
1422 1392 1521 1430 hanc
1541 1404 1607 1430 ve-

206 1533 250 1537 —
266 1515 310 1547 ad
325 1515 448 1557 fidem,
475 1524 528 1545 um
546 1514 702 1554 geglaubt
720 1525 760 1545 zu
784 1524 868 1544 wer-

208 1561 279 1600 den,
298 1570 324 1591 S.
340 1558 443 1601 pr.aef
463 1559 499 1592 6:
520 1570 580 1590 zur
593 1560 698 1592 Sacbe
717 1569 743 1591 s,
753 1558 868 1601 Polyb.

942 1515 1006 1545 lich
1036 1524 1099 1545 von
1123 1514 1254 1545 Frauen
1284 1514 1347 1545 und
1373 1512 1520 1545 Riudern
1550 1523 1608 1553 ge—

942 1559 1091 1590 braucht.

210 1604 245 1645 3,
270 1604 328 1635 48:
348 1603 603 1648 ἐμπίπτουσα
620 1604 670 1639 εἰς
687 1601 727 1635 τὸ
747 1615 869 1647 παρα-

209 1646 369 1690 πλήσιον
400 1651 478 1684 τοῖς
510 1646 869 1692 τραγῳδιογραῳοις·

209 1695 268 1725 καὶ
291 1692 361 1736 γὰρ
385 1691 535 1729 ἑκείιοις
557 1694 675 1725 πᾶσιι
698 1695 737 1725 αἱ
763 1705 870 1725 κατα-

210 1739 367 1784 στροφαὶ
403 1738 474 1770 ῑῶν
515 1736 715 1781 δραμάτων
750 1747 870 1782 προσ-

210 1781 355 1816 ἄξονται
374 1782 463 1815 θεοῦ
483 1783 541 1814 καὶ
560 1784 736 1826 μηχανῆς.

256 1828 334 1859 10-
355 1828 405 1860 11.
437 1829 609 1860 cumculus
635 1833 698 1859 etc.
723 1829 801 1869 geht
817 1826 875 1859 auf

209 1873 260 1904 die
279 1872 331 1914 ξ”
320 1882 327 1903 Α
346 1873 795 1913 abgebroeheneErzahlung
812 1884 871 1904 zu-

210 1918 302 1949 riick.
346 1920 378 1949 in
408 1928 502 1957 arce,
536 1916 595 1949 auf
620 1919 691 1949 dem
720 1918 871 1949 isolirten

208 1962 330 1994 Felsen
348 1972 387 1993 an
407 1964 477 1994 dem
497 1962 796 1994 Zusammenssusse
814 1964 874 1994 der

209 2007 325 2038 beiden
344 2007 465 2046 Biiche,
490 2008 615 2039 welche
640 2009 691 2039 die
716 2008 872 2040 Cremera

209 2051 329 2082 bilden.
352 2069 396 2074 —-
418 2052 538 2091 edidit,
557 2053 773 2090 dichteriscli3
803 2052 870 2092 vgl.

210 2095 303 2135 Virg.
337 2095 420 2128 Aen.
454 2097 490 2136 2,
524 2096 600 2127 259.
626 2115 668 2119 —
697 2097 824 2128 clamor
851 2114 873 2118 —

211 2140 327 2183 compl.
351 2140 471 2179 „Alles
498 2141 706 2172 wiederhallt
729 2152 792 2173 von
811 2142 873 2172 den

210 2185 440 2216 wechselnden
456 2184 611 2216 Stimmen
631 2186 874 2217 schreckender

210 2229 368 2269 Drohung
383 2230 446 2260 und
465 2230 630 2269 zagender
648 2230 788 2270 Angst“‚
807 2230 873 2270 vgl.

212 2274 248 2313 3,
272 2274 328 2312 54,
354 2275 383 2305 9.
417 2292 458 2297 ——
489 2277 687 2306 terrentium
713 2280 793 2314 etc.,
821 2275 873 2314 21,

212 2318 264 2360 25,
285 2318 342 2350 13:
363 2319 450 2360 finis
469 2319 650 2351 territandi
667 2323 700 2351 et
714 2319 872 2363 pavendi3

212 2363 272 2403 22,
298 2364 333 2403 5,
360 2365 394 2395 4:
421 2366 642 2407 strepentium
658 2367 873 2407 paz-entium·—

210 2420 272 2449 que
289 2409 462 2440 clamores.
477 2427 520 2432 —
532 2411 640 2440 miz-to
655 2414 730 2450 etc„
747 2410 874 2450 cigent-

211 2454 289 2484 lich:
314 2454 711 2494 nachdem-zugemischt
735 2465 820 2494 war,
845 2465 873 2486 s.

213 2497 270 2537 21,
296 2498 332 2536 7,
358 2498 394 2537 2,
418 2499 449 2529 d.
468 2500 496 2530 h.
516 2500 546 2530 in
573 2499 623 2530 die
641 2500 708 2530 sich
727 2500 871 2540 mischte,

213 2543 406 2574 schwerlicli
425 2544 469 2574 ist
492 2554 533 2575 zu
551 2545 759 2575 construiren
784 2554 874 2576 com-

211 2587 277 2629 plet
292 2587 428 2630 ploratu
451 2590 560 2621 nezkclo
583 2590 723 2630 vocibus,
751 2590 817 2629 vgl.
843 2589 873 2628 2,

213 2632 263 2673 33,
277 2632 314 2669 83
330 2632 382 2672 38,
397 2633 449 2673 22,
465 2632 494 2665 8.
506 2652 547 2656 -
558 2635 703 2678 ploratu,
717 2636 874 2675 gewb'hn-

991 1603 1060 1634 13-
1072 1604 1123 1634 15.
1150 1606 1190 1635 ab
1206 1605 1338 1644 inermi,
1354 1603 1406 1643 26,
1424 1603 1477 1643 46,
1501 1601 1551 1634 10.
1565 1621 1608 1626 —-

943 1648 1033 1688 dedi,
1060 1659 1086 1679 s.
1113 1648 1149 1689 4,
1174 1647 1231 1690 34,
1256 1648 1286 1680 3.
1310 1649 1559 1692 —permz'ssu‚
1580 1658 1606 1679 S.

944 1704 972 1725 c.
997 1693 1054 1734 20,
1079 1693 1116 1731 63
1141 1694 1176 1735 4,
1202 1694 1260 1733 59,
1285 1694 1316 1725 8.
1334 1712 1378 1717 —
1400 1693 1608 1735 aliquantum

942 1740 1060 1779 maior,
1083 1738 1110 1779 1,
1127 1739 1156 1778 7,
1174 1738 1212 1776 93
1230 1739 1283 1777 40,
1301 1739 1355 1779 40,
1377 1739 1404 1780 1,
1423 1738 1488 1778 vgl.
1505 1738 1535 1777 3,
1556 1737 1608 1778 15,

945 1783 976 1824 2,
995 1793 1055 1814 zur
1073 1783 1190 1822 Sache,
1209 1783 1240 1822 2,
1259 1783 1312 1821 50,
1331 1784 1361 1815 2.
1380 1793 1559 1815 ——rerum
1576 1793 1606 1813 n.

940 1828 1086 1872 praeda,
1120 1829 1177 1859 das
1207 1829 1311 1859 worin
1342 1829 1394 1859 die
1420 1828 1521 1859 Beute
1551 1827 1610 1858 be-

945 1874 1050 1912 steht,
1070 1883 1096 1904 s.
1115 1872 1174 1911 21,
1194 1872 1253 1912 60,
1272 1872 1302 1905 8.
1321 1876 1417 1904 ——ul
1434 1883 1508 1904 eam
1524 1873 1608 1903 invi-

945 1917 1051 1957 diam,
1076 1918 1135 1948 der
1153 1897 1253 1948 durch
1273 1918 1330 1948 das
1349 1916 1455 1948 Gliick
1473 1921 1607 1956 erregte

945 1962 1047 2001 Neid3
1067 1962 1124 1992 das
1139 1960 1330 2016 φθονερὸν
1344 1960 1383 1992 τὸ
1400 1961 1607 2001 36170213vgl.

946 2008 1006 2046 45,
1034 1985 1092 2044 41,
1123 2006 1153 2037 7.
1196 2006 1262 2037 Der
1281 2006 1361 2037 Sinn
1385 2007 1442 2037 des
1463 2005 1608 2037 Gebetes

945 2052 1003 2082 ist:
1028 2051 1079 2082 die
1099 2049 1219 2082 Giitter
1241 2052 1391 2082 ιῃόοὴῐει]
1416 2052 1474 2082 das
1491 2061 1608 2091 wegen

945 2097 1003 2127 des
1021 2095 1251 2135 allzugrossen
1271 2095 1417 2127 Gliickes
1437 2096 1610 2127 bevorste-

946 2141 1050 2171 hende
1070 2140 1218 2180 Ungliick
1247 2139 1300 2172 fiir
1327 2141 1380 2172 ibn
1410 2141 1516 2172 selbst
1544 2141 1610 2172 und

947 2186 1008 2216 den
1027 2185 1121 2216 Stant
1138 2186 1254 2226 gering
1271 2186 1340 2217 sein
1360 2186 1481 2217 lassen.
1524 2185 1608 2217 nass

946 2240 986 2261 an
1005 2231 1061 2261 das
1082 2230 1231 2270 Ungliick
1249 2231 1306 2262 des
1326 2230 1413 2262 Cam.
1429 2230 1535 2262 selbst
1553 2240 1609 2261 so-

947 2275 1033 2306 wohl
1051 2275 1099 2306 als
1117 2276 1174 2306 das
1192 2276 1249 2307 des
1267 2275 1401 2307 staates
1420 2287 1462 2307 zu
1480 2275 1608 2307 denken

947 2321 1005 2359 sei,
1020 2321 1097 2359 geht
1110 2321 1190 2351 auch
1206 2330 1264 2352 aus
1280 2321 1339 2352 der
1352 2319 1429 2360 folg.
1440 2321 1607 2360 Deutung:

945 2364 990 2397 ad
1021 2365 1270 2397 damnationem
1298 2376 1328 2397 u.
1357 2367 1451 2397 urbis
1483 2365 1609 2397 cladem

947 2411 1084 2451 hervor,
1118 2411 1181 2442 und
1214 2421 1277 2442 suo
1305 2429 1327 2433 —
1356 2409 1503 2442 Romani
1533 2414 1608 2441 ent-

947 2455 1095 2496 spricht'
1088 2465 1129 2486 im
1144 2454 1325 2495 Vorherga
1342 2466 1440 2487 ffl-rua
1453 2454 1608 2486 Romani.

946 2500 1077 2531 Anders
1096 2499 1181 2531 Plut
1202 2499 1289 2531 Cain
1309 2501 1343 2531 5:
1363 2496 1448 2531 εἶδ’
1467 2496 1538 2543 ἄρα
1555 2510 1610 2535 τις

946 2545 1005 2576 καὶ
1030 2542 1120 2588 ἡμῖν
1135 2542 1396 2596 ἀιῐίστροφος
1421 2541 1609 2596 ὀφείλεται

946 2601 1007 2628 της
1024 2586 1213 2640 παρούσης
1233 2589 1382 2641 νέμεσις
1398 2585 1607 2641 εὐπραξίας,

948 2631 1102 2679 εὔχομαι
1131 2631 1263 2674 ταύτην
1286 2631 1379 2678 ὑπέρ
1403 2644 1440 2666 τε
1469 2631 1609 2669 πόλεως
