1698 2864
117 238 146 257 a.
168 231 221 258 eh.
243 231 305 257 390.
625 218 752 251 LIBER
782 217 821 250 V.
872 218 966 251 CAP.
986 218 1039 251 52.
1446 216 1526 256 365

116 340 254 371 novos.
297 324 393 367 [uno
420 325 551 380 regina
577 327 794 368 transvecta
821 338 842 368 a
863 325 948 367 Veis
980 335 1105 380 nuper
1132 322 1171 367 in
1193 319 1380 366 Aventino
1410 334 1525 377 quam

115 388 263 441 insigni
284 388 333 427 ob
354 385 542 427 excellens
563 390 828 425 matronarum
846 385 1019 424 studium
1036 384 1253 435 celebrique
1275 383 1445 422 dedicata
1468 388 1527 420 est

112 444 198 484 die!
230 445 299 484 Aio
323 443 483 483 Locutio
504 442 691 495 templum
713 446 875 493 propter
891 442 1091 483 caelestem
1107 453 1239 483 vocem
1257 439 1469 480 exauditam
1488 438 1526 478 in

112 501 222 540 Nova
242 501 299 539 via
320 500 507 540 iussimus
530 500 631 548 fieri3
652 497 891 551 Capitolinos
911 498 1026 538 ludos
1049 499 1300 539 sollemnibus
1318 499 1399 539 aliis
1417 497 1527 538 addi-

110 557 263 603 dimus,
294 557 572 609 collegiumque
600 556 646 596 ad
675 556 712 595 id
741 568 886 595 novum
915 561 1070 595 auctore
1100 562 1237 595 senatu
1260 556 1525 596 condidimus:

110 613 207 665 quid
229 614 371 653 horum
389 627 488 665 opus
505 614 578 653 fuit
595 613 757 664 suscipi,
774 613 806 651 si
823 624 899 652 una
918 625 1005 652 cum
1023 613 1138 652 Gallis
1156 612 1292 652 urbem
1311 613 1526 651 Romanam

113 669 285 709 relicturi
313 670 477 716 fuimus,
508 671 539 709 si
560 682 642 709 non
663 670 856 709 voluntate
878 669 1092 709 mansimus
1115 669 1153 708 in
1170 668 1358 720 Capitolio
1380 680 1450 720 per
1469 673 1528 707 tot

116 738 270 765 menses
294 726 523 773 obsidionis,
547 727 579 765 si
601 726 646 765 ab
668 726 848 765 hostibus
870 731 976 765 metu
998 726 1135 765 retenti
1158 723 1324 764 sumus?
1342 725 1388 763 de
1407 724 1525 763 sacris

116 782 315 834 loquimur
342 791 379 821 et
406 783 452 821 de
479 783 648 834 templis.
691 782 779 833 quid
811 782 966 821 tandem
997 783 1043 821 de
1066 779 1364 821 sacerdotibus?
1395 792 1528 819 nonne

117 839 155 878 in
172 844 341 878 mentem
360 840 474 887 venit,
491 844 678 890 quantum
692 838 830 890 piaculi
844 836 1138 877 committatur?
1156 837 1374 877 Vestalibus
1387 849 1528 888 nempe

116 907 192 934 una
222 895 281 934 illa
310 895 422 934 sedes
453 902 529 942 est,
559 908 604 934 ex
633 908 708 946 qua
736 907 801 934 eas
823 895 918 933 nihil
939 907 1122 946 umquam
1144 899 1412 945 praeterquam
1435 893 1528 932 urbs

116 956 226 1003 capta
254 952 387 990 movit.
434 952 581 990 flamini
609 951 704 990 Diali
736 956 891 990 noctem
921 963 1039 990 unam
1070 962 1226 989 manere
1254 954 1360 988 extra
1386 949 1526 988 urbem

116 1008 223 1046 nefas
253 1012 331 1046 est:
367 1008 440 1046 hos
463 1008 638 1046 Veientes
667 1020 740 1058 pro
764 1007 953 1046 Romanis
980 1007 1118 1045 facturi
1148 1007 1240 1045 estis
1274 1003 1527 1044 sacerdotes?

116 1069 154 1102 et
173 1063 344 1102 Vestales
366 1069 456 1102 tuae
476 1068 513 1102 te
534 1064 721 1109 deserent,
744 1061 887 1101 Vesta‘?
920 1067 958 1101 et
977 1063 1118 1101 flamen
1139 1073 1298 1113 peregre
1318 1061 1527 1100 habitando

113 1120 155 1158 in
176 1120 346 1171 singulas
368 1124 502 1158 noctes
524 1124 676 1158 tantum
699 1118 771 1157 sibi
793 1118 924 1169 reique
946 1118 1119 1170 publicae
1140 1117 1280 1169 piaculi
1298 1114 1528 1156 contrahet?

110 1176 209 1227 -quid
230 1176 313 1223 alia,
336 1188 430 1227 quae
453 1176 652 1227 auspicato
674 1175 823 1225 agimus
847 1175 978 1213 omnia
998 1175 1079 1213 fere
1096 1174 1192 1213 intra
1203 1173 1445 1224 pomerium,
1469 1172 1529 1212 cui

112 1232 302 1271 oblivioni
325 1236 390 1270 aut
411 1232 471 1271 cui
494 1231 752 1283 neglegentiae
773 1229 941 1270 damus?
974 1230 1127 1269 comitia
1150 1230 1305 1274 curiata,
1328 1241 1425 1280 quae
1445 1241 1528 1268 rem

117 1288 319 1328 militarem
350 1289 565 1336 continent,
595 1287 748 1327 comitia
778 1287 1006 1332 centuriata,
1037 1286 1176 1337 quibus
1200 1286 1381 1325 consules
1403 1285 1528 1324 tribu-

113 1356 269 1396 nosque
286 1344 468 1384 militares
487 1344 638 1394 creatis,
656 1344 723 1384 ubi
741 1344 953 1395 auspicato,
971 1342 1046 1381 nisi
1062 1343 1128 1382 ubi
1141 1341 1327 1389 adsolent,
1340 1341 1420 1380 fieri
1433 1354 1528 1393 pos-

115 1436 166 1467 als
202 1436 426 1467 vermindern.
462 1454 505 1458 —
538 1435 641 1467 reliet.
662 1435 787 1477 faint„

117 1491 213 1512 wenn
239 1481 300 1512 wir
322 1482 404 1512 doch
435 1481 486 1512 die
510 1480 650 1512 Absicht
675 1481 787 1511 hatten

860 1434 1016 1465 ertheilte
1047 1434 1219 1475 imperium
1248 1431 1408 1464 umfasste
1438 1442 1530 1463 zwar

860 1480 941 1510 auch
972 1480 1024 1510 die
1055 1480 1191 1510 hochste
1225 1477 1436 1509 richterliche
1462 1476 1529 1508 Ge-

117 1526 194 1566 (und
212 1527 296 1557 noch
314 1525 445 1565 haben),
463 1525 531 1566 vgl.
549 1525 603 1566 40,
626 1525 676 1564 14,
695 1525 726 1556 4.
744 1542 788 1547 -

118 1574 168 1603 ἰοί
183 1582 301 1612 mensu,
318 1581 345 1602 5.
363 1572 392 1602 d.
412 1571 517 1602 Stelle
532 1580 591 1601 aus
610 1569 725 1612 Polyb.
745 1580 787 1600 zu

112 1627 146 1647 c.
163 1616 206 1647 49
225 1617 288 1647 und
307 1616 358 1647 die
377 1615 547 1647 Periocha.
563 1616 651 1646 —sz'
662 1616 715 1655 ab,
734 1615 786 1645 die

117 1662 272 1703 Anapber
309 1662 449 1692 vertritt
487 1661 548 1691 den
585 1659 787 1702 Gegensatz,

117 1706 185 1745 vgl.
205 1717 232 1737 c.
252 1706 283 1745 9,
303 1706 338 1737 6:
358 1705 428 1738 sed.

166 1750 297 1782 13-14.
323 1751 364 1783 de
380 1753 489 1783 saeris
505 1750 579 1792 loq.,
605 1760 630 1782 s.
651 1761 678 1780 c.
698 1750 732 1792 5,
752 1749 787 1781 7:

115 1795 237 1837 ioquor
259 1795 299 1827 de
324 1806 433 1840 opere.
457 1815 502 1818 —
524 1795 565 1826 de
581 1794 729 1833 sacerd,
755 1795 787 1825 in

117 1840 255 1880 Betreff,
273 1851 300 1872 s.
319 1841 350 1880 4,
367 1841 422 1882 43,
438 1842 471 1872 5:
491 1851 563 1872 rem
576 1839 632 1878 de,
652 1839 788 1871 Terent.

118 1885 198 1917 Hec.
223 1885 260 1926 2,
282 1886 315 1926 1,
338 1885 396 1917 36:
421 1886 462 1918 de
481 1888 511 1917 te
528 1885 678 1927 quidem,
703 1887 788 1916 satis

118 1932 202 1970 scio,
223 1930 394 1974 peccando
423 1930 619 1962 detrimenti
644 1929 695 1961 nil
705 1930 792 1972 fieri

118 1978 243 2019 potest.
271 1994 316 1998 —
343 1977 522 2015 commitit„
552 1986 583 2006 n.
608 1985 703 2006 wenn
729 1975 791 2006 wir

120 2021 352 2051 auswandern.
369 2039 414 2044 —
429 2022 537 2053 movit
554 2031 584 2051 n.
604 2030 678 2059 eas,
698 2019 733 2059 3,
759 2019 790 2060 3,

122 2065 153 2098 7.
176 2064 378 2106 —flamz'm‘
397 2066 438 2097 D.
466 2071 550 2103 etc.,
585 2064 619 2103 1,
650 2064 710 2103 203
736 2064 790 2103 27,

120 2110 153 2150 8,
167 2110 205 2148 63
221 2115 294 2141 erst
306 2110 420 2152 spiiter
433 2115 502 2142 trat
515 2111 587 2142 eine
602 2109 792 2150 Milderung

122 2155 234 2186 dieser
251 2155 474 2195 Bestimmung
491 2156 558 2196 ein,
579 2154 688 2188 Tacit.
706 2155 789 2187 Ann.

118 2199 159 2240 3,
186 2200 246 2238 713
273 2199 360 2232 Gell.
388 2200 444 2240 10,
470 2199 606 2240 15,14,
630 2200 690 2231 der
710 2199 791 2230 aber

124 2245 211 2276 nicht
235 2255 298 2276 von
323 2245 383 2276 der
399 2244 638 2276 Abwesenheit
655 2254 714 2276 aus
733 2245 792 2275 der

123 2290 220 2321 Stadt
243 2290 378 2332 spricht.
404 2309 448 2312 —
464 2300 545 2333 pro,
565 2288 601 2327 3,
621 2289 680 2329 71,
699 2289 729 2320 7.
747 2306 792 2312 -—

121 2337 235 2376 reique
249 2335 349 2378 publ„
369 2336 408 2366 da
427 2335 474 2366 sie
492 2334 681 2366 &ffentliche
700 2333 793 2365 Prie-

123 2384 194 2411 ster
216 2390 344 2421 waren,
369 2380 424 2411 fiel
447 2380 499 2411 die
524 2379 680 2419 religiose
704 2378 794 2411 Ver-

124 2425 306 2466 schuldung
343 2424 547 2468 (piaculum)
579 2425 650 2455 dem
678 2423 792 2455 Stante

124 2480 186 2501 zur
209 2469 307 2510 Last‚
331 2471 396 2502 und
421 2471 532 2501 dieser
555 2470 645 2500 h'zitte
671 2468 792 2500 biissen

123 2514 268 2555 miissen,
287 2525 314 2546 5.
336 2515 363 2554 1,
383 2515 436 2554 26,
458 2514 509 2546 12.

173 2559 223 2591 16.
255 2571 339 2602 quae
361 2571 434 2592 rem
456 2571 499 2591 m.
524 2570 568 2600 c.,
593 2559 650 2589 das
674 2559 705 2589 in
730 2558 793 2589 den

121 2603 394 2637 Curiateomitien
430 2605 531 2636 durch
568 2604 619 2635 (116
650 2603 704 2635 lex
734 2614 794 2634 cu-

121 2650 226 2690 riata,
244 2660 270 2681 s.
290 2661 316 2682 c.
335 2650 395 2691 46,
417 2650 475 2690 11,
493 2650 554 2681 deu
574 2648 792 2689 Magistraten

860 1524 957 1563 walt,
983 1525 1072 1555 batte
1095 1524 1186 1564 aber⁷
1209 1524 1248 1554 da
1271 1523 1361 1554 diese
1386 1521 1438 1553 bei
1457 1521 1529 1553 Cri—

859 1569 1126 1609 minalvergehen
1157 1566 1214 1599 auf
1231 1568 1289 1599 das
1313 1567 1401 1598 Volk
1430 1566 1531 1598 iiber-

860 1624 1031 1654 gegangen
1055 1623 1143 1652 war,
1172 1612 1366 1652 vorziiglich
1395 1609 1449 1643 fiir
1472 1613 1530 1643 das

859 1658 1096 1699 Rriegswesen
1121 1658 1330 1697 Bedeutung3
1357 1656 1482 1688 Becker
1500 1656 1530 1693 2,

863 1704 877 1735 1
897 1729 904 1745 ,
942 1703 1031 1743 3323
1071 1703 1182 1743 Lange
1219 1702 1253 1742 1,
1290 1701 1367 1733 232.
1399 1719 1444 1724 —
1475 1702 1534 1733 ubi

860 1748 944 1787 ads„
962 1749 1016 1787 40,
1036 1749 1088 1788 54,
1107 1748 1138 1780 8.
1179 1747 1238 1779 Die
1256 1747 1386 1778 comitia
1403 1747 1532 1778 curiata

862 1794 932 1825 sind
962 1795 1021 1825 mit
1043 1793 1233 1825 Ausnahme
1263 1793 1321 1823 des
1351 1802 1379 1822 c.
1402 1791 1464 1833 46,
1491 1791 1531 1822 10

862 1839 1054 1870 erwiihnten
1070 1838 1181 1870 Falles
1198 1835 1257 1869 auf
1272 1838 1341 1868 dem
1358 1835 1531 1867 Comitium

862 1884 1015 1924 gehalten
1033 1884 1187 1922 worden,
1212 1892 1307 1913 wenn
1332 1882 1414 1912 auch
1437 1881 1530 1912 viell.

862 1939 924 1960 nur
941 1929 1106 1960 bestimmt
1121 1938 1201 1967 war,
1215 1928 1292 1959 dass
1306 1927 1355 1958 sie
1370 1926 1458 1957 nicht
1470 1937 1532 1957 ea:-

864 1977 919 2006 tra
934 1975 1126 2018 pomerium
1144 1971 1281 2004 berufen
1299 1972 1433 2003 werden
1451 1971 1533 2002 diir-

863 2018 933 2057 fen,
954 2019 1004 2050 die
1021 2020 1213 2050 centuriata
1230 2018 1261 2049 in
1281 2018 1341 2048 der
1357 2015 1461 2057 Regel
1478 2014 1537 2047 auf

863 2065 935 2095 dem
971 2062 1170 2102 Marsfelde,
1208 2073 1234 2095 5.
1266 2061 1354 2094 Gell.
1387 2061 1442 2100 15,
1473 2061 1530 2092 27:

863 2110 1056 2141 centuriata
1078 2110 1214 2141 comitia
1236 2109 1268 2138 in
1276 2110 1328 2139 tra
1343 2108 1534 2149 pomerium

855 2155 943 2197 fieri
956 2154 1059 2196 nefas
1077 2164 1151 2185 esse
1168 2153 1283 2193 (daher
1300 2151 1320 2194 ξ
1341 2151 1396 2182 15:
1421 2152 1535 2183 omnia

853 2200 886 2242 s
892 2200 986 2240 ere),
1005 2201 1081 2241 quia
1096 2200 1284 2231 emer-citum
1302 2199 1402 2229 eoetra
1418 2198 1534 2228 urbem

863 2246 1030 2288 imperari
1058 2246 1223 2287 oporteat.
1263 2243 1346 2273 Dass
1377 2241 1426 2272 sie
1449 2241 1531 2272 auch

864 2299 904 2320 an
934 2290 1078 2321 anderen
1104 2288 1207 2320 Orten
1235 2287 1349 2318 hiitten
1377 2286 1532 2325 gehalten

865 2335 1000 2366 werden
1019 2334 1160 2371 ko'nnen,
1179 2332 1240 2363 wie
1258 2342 1330 2363 man
1349 2340 1407 2362 aus
1421 2330 1452 2371 3,
1470 2330 1531 2370 203

866 2379 904 2419 6,
929 2379 990 2417 203
1016 2379 1050 2418 7,
1073 2378 1113 2408 41
1135 2377 1316 2408 schliessen
1338 2373 1426 2414 darf,
1451 2376 1535 2406 wird

866 2425 937 2455 hier
955 2424 984 2454 in
1004 2423 1135 2454 Abrede
1153 2421 1301 2462 gestent,
1326 2420 1430 2462 Marq.
1448 2420 1478 2460 2,
1503 2419 1534 2461 3,

867 2468 927 2507 673
953 2468 1129 2499 Mommsen
1156 2466 1293 2498 Forsch.
1322 2465 1395 2497 190.
1422 2484 1463 2487 -
1480 2466 1539 2497 ubi

866 2516 1010 2557 auspic„
1034 2513 1085 2543 die
1103 2511 1240 2543 Curiat-
1263 2511 1328 2542 und
1347 2510 1536 2541 Centuriat-

867 2558 1018 2590 comitien
1044 2557 1171 2588 konnen
1197 2566 1256 2587 nur
1274 2555 1428 2596 gehalten
1447 2565 1534 2586 wer-

867 2604 945 2640 den,
971 2612 1066 2633 wenn
1090 2602 1212 2632 vorher
1231 2600 1407 2642 Auspicien
1431 2610 1533 2639 ange-

867 2647 960 2679 stellt
978 2647 1111 2678 worden
1131 2647 1215 2677 sind.

1558 441 1595 474 11

1558 619 1598 651 12

1558 732 1597 765 13

1560 1067 1601 1100 14

1560 1179 1600 1211 15

1560 1290 1600 1323 16
