1698 2864
630 162 756 196 LIBER
772 163 829 197 lv.
877 163 970 196 CAP.
988 164 1020 196 3.
1046 164 1078 196 4.

160 181 187 200 a.
209 174 260 201 ch.
278 174 339 200 445.
1488 165 1537 204 15
1546 166 1564 205 1

159 267 357 320 patriciuS,
379 265 516 305 deinde
538 265 674 304 consul
695 265 780 312 fiatz,
803 264 894 303 civis
915 264 1116 303 Romanus
1134 266 1166 303 si
1184 265 1233 304 sit
1249 278 1292 303 ex
1309 264 1430 316 plebe,
1450 263 1566 316 prae-

161 324 238 364 cisa
250 322 470 363 consulatus
483 334 574 373 spes
586 319 687 360 erit?
703 325 835 360 utrum
850 321 1007 360 tandem
1024 332 1103 359 non
1124 321 1317 360 credimus
1334 320 1416 360 fieri
1432 334 1564 372 posse,

159 385 203 420 ut
222 380 279 418 vir
297 379 410 418 fortis
432 390 476 417 ac
497 382 694 425 strenuus,
715 390 809 428 pace
824 376 1003 428 belloque
1018 377 1144 416 bonus
1163 390 1208 416 ex
1225 377 1338 428 plebe
1354 377 1404 416 sit
1419 377 1566 417 Numae

161 436 203 475 L.
226 434 438 486 Tarquinio
461 434 544 473 Ser.
567 434 691 473 Tullio
714 434 864 479 similis,
887 445 945 481 an,
966 445 1015 472 ne
1037 433 1069 472 si
1091 434 1141 472 sit
1161 433 1327 484 quidem,
1350 434 1396 472 ad
1419 434 1566 485 guber-

156 491 291 531 nacula
312 491 368 529 rei
385 490 558 543 publicae
575 490 757 530 accedere
773 502 861 529 eum
879 490 1081 542 patiemur,
1102 490 1309 541 potiusque
1326 490 1566 538 decemviris,

155 547 365 587 teterrimis
387 547 621 593 mortalium,
645 547 709 598 qui
729 552 859 586 tamen
881 558 1019 585 omnes
1041 559 1085 585 ex
1105 546 1283 597 patribus
1305 551 1424 593 erant,
1447 559 1565 598 quam

158 603 316 656 optimis
350 616 501 655 regum,
528 603 640 643 novis
675 602 920 651 hominibus,
947 602 1084 642 similis
1120 602 1302 642 consules
1331 615 1468 642 sumus
1496 604 1566 642 ha-

155 659 301 701 bituri?

274 718 350 763 „At
371 716 474 755 enim
490 728 579 755 vero
597 728 711 755 nemo
729 720 821 768 post
836 728 946 766 reges
965 720 1120 755 exactos
1139 715 1185 754 de
1201 714 1312 766 plebe
1329 714 1467 753 consul
1481 715 1566 754 fuit.

161 773 251 824 quid
279 771 443 825 postea?
473 773 626 812 nullane
653 784 715 811 res
744 784 843 811 nova
864 772 1010 811 institui
1034 772 1167 818 debet,
1191 776 1240 819 et,
1264 770 1368 822 quod
1389 771 1566 810 nondum

158 834 219 869 est
238 829 383 869 factum
404 852 460 857 —
481 829 600 869 multa
621 829 723 868 enirn
746 828 922 868 nondum
946 834 1037 868 sunt
1051 829 1151 868 facta
1167 828 1206 866 in
1223 839 1325 866 novo
1342 828 1490 879 populo
1511 851 1567 856 —

158 898 219 932 ea,
254 898 303 925 ne
341 886 374 925 si
400 886 504 925 utilia
536 886 690 937 quidem
718 886 813 932 sint,
841 885 923 924 fieri
951 883 1137 936 oportet?
1168 884 1370 935 pontifices
1399 896 1566 935 augures

157 942 325 981 Romulo
362 947 547 993 regnante
579 941 672 981 nulli
705 946 834 980 erant:
864 941 910 980 ab
940 941 1065 980 Numa
1094 941 1288 991 Pompilio
1316 941 1433 979 creati
1464 945 1567 979 sunt.

157 1011 297 1037 census
314 998 353 1037 in
372 999 519 1037 civitate
540 1003 576 1037 et
593 998 801 1049 descriptio
820 997 1080 1036 centuriarum
1099 997 1357 1047 classiumque
1373 1008 1454 1035 non
1466 1002 1567 1036 erat:

156 1054 204 1093 ab
228 1054 308 1093 Ser.
333 1054 458 1093 Tullio
482 1059 540 1092 est
559 1053 669 1093 facta.
711 1053 892 1092 consules
910 1065 1122 1104 numquam
1139 1053 1311 1092 fuerant:
1328 1052 1482 1103 regibus
1500 1065 1565 1091 ex-

158 1111 252 1150 actis
290 1111 405 1149 creati
434 1114 537 1149 sunt.
586 1109 785 1149 dictatoris
817 1121 889 1148 nec
917 1109 1124 1160 imperium
1152 1121 1224 1148 nec
1250 1121 1397 1147 nomen
1422 1108 1567 1147 fuerat:

158 1167 261 1218 apud
289 1171 416 1218 patres
447 1179 533 1206 esse
562 1166 700 1218 coepit.
748 1165 892 1205 tribuni
920 1166 1023 1218 plebi
1054 1165 1196 1205 aediles
1227 1169 1452 1216 quaestores
1475 1165 1568 1204 nulli

157 1278 322 1319 Fragsatz
351 1279 634 1319 hereingezogeu,
667 1278 826 1318 gewb'hn-

158 1324 223 1356 lich
263 1325 353 1355 steht
392 1324 476 1355 dann
509 1334 551 1356 an
567 1348 575 1362 ,
617 1334 644 1356 s,
678 1322 827 1365 Seyffert

158 1368 269 1400 Schol.
287 1369 345 1400 lat.
367 1368 394 1409 1,
422 1369 496 1400 117.
514 1369 646 1411 —fiat,
672 1368 709 1408 2,
734 1369 770 1408 7,
795 1368 826 1400 9.

156 1431 202 1437 -—
215 1416 295 1446 civis
309 1413 417 1452 Rom,
436 1413 502 1453 vgl.
519 1414 572 1453 22,
591 1414 641 1453 19,
658 1413 694 1444 4:
711 1411 825 1456 Scipio

155 1462 334 1502 postquam
363 1460 509 1491 movisse
530 1477 552 1481 —
567 1459 699 1491 hostem
727 1458 826 1490 audi-

157 1506 215 1580 ἵίἳί,
232 1506 343 1548 primo
360 1504 448 1536 z'dem
466 1504 702 1546 consiliisuit,
722 1503 776 1545 38,
794 1504 826 1544 9,

214 1560 244 1580 u.
261 1559 290 1581 a.

207 1593 336 1625 16-17.
363 1605 429 1626 non
446 1593 630 1634 eredimus,
656 1594 827 1626 nichtnon

156 1650 276 1683 posse,
300 1639 376 1670 weil
401 1639 458 1670 das
476 1639 647 1671 Nicbtsein
667 1640 718 1678 (ne
734 1641 767 1671 ss
781 1641 828 1671 sit

158 1685 201 1727 q.)
231 1685 305 1716 dem
328 1683 569 1725 Nichtglauben
604 1689 827 1725 entgegenge-

158 1734 249 1761 setzt
265 1730 359 1769 wird,
382 1729 409 1768 1,
430 1729 483 1769 26,
504 1730 533 1760 7.
569 1729 826 1761 Gewtihnlicher

158 1775 249 1806 steht
274 1775 305 1805 in
324 1775 459 1806 solchen
478 1775 607 1814 Fragen
627 1775 678 1806 die
698 1775 727 1807 2.
746 1775 827 1807 Per-

158 1830 235 1859 son,
259 1820 335 1851 weil
360 1830 432 1851 man
458 1820 525 1851 sich
546 1818 604 1851 auf
619 1820 675 1851 das
694 1820 826 1852 Urtheil

158 1865 312 1897 Anderer
343 1863 464 1896 beruft.
497 1884 539 1887 —
567 1865 634 1896 Der
667 1865 825 1897 Gedanke

159 1910 282 1951 selbst,
305 1910 450 1941 welcher
466 1909 487 1951 ξ
507 1909 563 1940 12:
588 1912 723 1951 ingenio
749 1916 825 1949 etc„

159 1955 180 1997 ξ
200 1954 256 1987 13:
274 1957 308 1987 in
322 1966 385 1997 quo
400 1957 541 1987 eniteret
553 1959 616 1986 etc.
633 1957 826 1997 entspricht,

159 2001 204 2032 ist
231 2000 281 2031 als
307 2000 489 2031 besonders
513 2001 646 2040 wichtig
676 2002 766 2032 nicht
794 2002 827 2032 in

160 2045 221 2077 den
236 2045 448 2077 Schlusssatz
465 2044 485 2087 ξ
505 2045 544 2076 13
563 2044 826 2086 aufgenmnmen,

160 2090 302 2121 sondern
332 2090 382 2122 als
412 2091 657 2131 selbst'zindiges
682 2092 829 2123 Moment

159 2135 491 2177 bebandelt.-——fort.
511 2138 543 2167 et
558 2139 676 2174 siren„
695 2148 722 2168 c.
742 2137 773 2177 5,
789 2138 827 2174 ὃς

160 2180 213 2219 28,
231 2180 284 2218 40,
301 2180 332 2211 4.
347 2198 391 2203 -—
403 2191 448 2212 ew
459 2180 515 2223 pl,
530 2182 716 2213 attributiv.
731 2201 775 2205 —
787 2193 829 2214 ne

158 2227 191 2257 sz'
202 2236 229 2257 s.
244 2236 352 2266 q.=71e
367 2229 437 2257 tum
452 2225 596 2267 quidem,
611 2229 642 2258 si
653 2230 705 2268 sit,
722 2228 761 2259 da
776 2228 827 2259 die

158 2270 323 2311 Negation
342 2281 415 2302 zum
429 2271 633 2313 Hauptsatze
651 2273 779 2313 gebo'rt,
799 2283 826 2304 c.

160 2315 197 2354 4,
226 2315 262 2354 13
282 2315 344 2355 42,
368 2316 429 2355 41,
457 2316 827 2349 10:121213‘sibell11m

159 2361 290 2403 quidem
309 2363 380 2403 quis
407 2362 550 2403 inserat,
579 2364 666 2394 tueri
681 2381 703 2384 —
719 2374 772 2394 me
789 2363 828 2394 lt-

161 2409 251 2445 eeal‚·
281 2417 313 2438 u.
346 2406 405 2438 ol't.
433 2425 477 2429 ——
500 2406 714 2450 decemviris,
743 2418 770 2440 s.
796 2408 826 2448 3,

161 2451 220 2491 64,
239 2451 270 2482 8.
288 2469 332 2474 ——
350 2462 483 2493 omnes,
503 2452 616 2493 3‚35‚
638 2452 688 2484 11.
707 2472 749 2476 -—
765 2463 827 2485 710-

160 2498 211 2528 m's
228 2497 273 2538 Ιι.,
292 2507 320 2528 c.
339 2496 391 2535 48,
412 2497 442 2528 7.

211 2536 252 2574 4.
288 2541 315 2573 1.
347 2553 423 2575 vero
448 2542 523 2574 tritt
547 2543 624 2574 sehr
648 2543 755 2574 selteu
786 2554 828 2574 zu

159 2589 316 2628 atenim,
342 2598 367 2619 s.
387 2587 424 2626 3,
450 2587 510 2628 68,
535 2587 574 2628 3,
597 2586 829 2629 bekr'aftigend

900 1277 1013 1308 hinzu:
1048 1277 1129 1308 aber
1161 1287 1261 1308 euere
1294 1276 1492 1317 Forderung
1525 1278 1570 1318 ist

899 1323 1100 1363 ungerecht,
1122 1323 1207 1354 denn
1227 1332 1261 1353 es
1279 1331 1349 1353 war
1363 1322 1399 1362 ja
1416 1332 1516 1362 usw.,
1540 1332 1566 1353 s.

899 1367 930 1407 5,
949 1368 979 1406 9,
999 1367 1029 1399 3.
1060 1368 1128 1399 Der
1145 1368 1246 1399 dritte
1256 1366 1370 1399 Grund
1388 1367 1447 1398 der
1461 1367 1569 1399 Patri-

899 1412 969 1444 cier
986 1423 1089 1453 gegen
1105 1413 1155 1444 die
1165 1413 1328 1453 Rogation
1346 1413 1429 1444 wird
1447 1413 1569 1443 wider-

898 1458 979 1497 legt.
996 1476 1041 1481 ·—-
1058 1457 1092 1489 In
1117 1459 1176 1489 der
1199 1457 1277 1498 folg.
1295 1457 1508 1498 Aufz'zihlung
1524 1458 1569 1489 ist

898 1504 958 1534 mit
980 1504 1074 1535 einer
1093 1504 1279 1535 Ausnahme
1309 1504 1361 1534 die
1391 1502 1568 1534 chronolo—

898 1549 1010 1588 gische
1035 1549 1195 1588 Ordnung
1223 1546 1365 1588 befolgt,
1395 1548 1462 1588 vgl.
1487 1547 1566 1580 Tac.

899 1594 984 1626 Ann.
1013 1594 1070 1633 11,
1101 1594 1159 1624 24:
1191 1595 1303 1625 omnia
1325 1612 1347 1616 —
1369 1604 1452 1635 quae
1479 1603 1569 1625 nunc

897 1641 1129 1671 vetustissima
1141 1638 1335 1680 creduntur,
1349 1649 1434 1670 nova
1438 1640 1569 1680 fuere:

896 1684 1005 1727 plebei
1030 1686 1261 1726 magistratus
1288 1686 1369 1728 post
1390 1685 1567 1727 patricios,

898 1729 1013 1761 Latini
1027 1733 1105 1773 post
1115 1729 1416 1773 plebeios-quid
1429 1730 1569 1772 postea?

899 1784 967 1806 was
986 1775 1092 1806 daun?
1117 1785 1185 1806 was
1210 1775 1272 1805 soll
1297 1775 1417 1806 dat-aus
1435 1773 1568 1815 folgen?

897 1837 942 1843 -—
960 1830 1000 1851 ea
1022 1821 1077 1851 hat
1100 1821 1169 1850 sich
1193 1820 1283 1851 nicht
1306 1829 1346 1850 an
1376 1819 1466 1861 quod
1487 1819 1568 1850 oder

899 1875 938 1896 ea
970 1875 1042 1906 res,
1076 1865 1217 1896 sondern
1252 1874 1291 1896 an
1327 1865 1434 1896 multa
1465 1874 1567 1905 ange-

898 1910 1082 1949 schlossen,
1101 1919 1126 1941 s,
1148 1910 1176 1949 1,
1196 1909 1248 1949 36,
1268 1909 1298 1941 6.

945 1955 963 1985 2
976 1974 998 1977 —
1012 1956 1043 1987 3.
1074 1956 1200 1998 pontg'f.
1218 1965 1315 1997 auga,
1339 1955 1397 1986 das
1415 1954 1568 1997 Asynde-

900 2004 973 2040 ton,
992 2001 1069 2031 weil
1087 2001 1176 2032 nicht
1193 2000 1257 2031 alle
1277 2000 1447 2039 Collegien
1465 2009 1566 2038 ange-

899 2044 990 2076 fiihrt
1018 2046 1163 2077 werden.
1193 2064 1236 2067 —
1259 2055 1426 2087 augures,
1457 2055 1492 2076 es
1523 2045 1568 2076 ist

899 2091 956 2121 das
982 2090 1164 2131 Collegium
1190 2091 1249 2122 der
1267 2092 1403 2131 Augurn
1430 2101 1472 2121 zu
1488 2100 1569 2121 ver-

900 2136 1035 2175 stehen,
1066 2137 1103 2167 da
1134 2135 1292 2167 Romulus
1327 2136 1428 2167 sehon
1462 2134 1568 2166 selbst

899 2181 1014 2221 Augur
1042 2191 1208 2221 gewesen,
1238 2182 1289 2212 die
1316 2181 1567 2221 Auguraldisci-

899 2227 967 2268 plin
992 2225 1181 2267 eingefiihrt
1204 2227 1268 2258 und
1294 2228 1345 2257 ein
1365 2227 1480 2265 Augur
1505 2226 1566 2256 den

899 2271 1004 2303 Numa
1028 2273 1173 2312 geweiht
1195 2272 1297 2303 haben
1322 2271 1401 2313 soll,
1426 2281 1452 2302 s.
1474 2271 1508 2310 l,
1528 2270 1565 2309 73

903 2318 960 2355 173
984 2317 1035 2357 10,
1054 2317 1085 2358 6,
1106 2318 1135 2358 7,
1156 2317 1223 2357 vgl.
1243 2317 1308 2348 Cic.
1327 2316 1406 2357 Rep.
1427 2316 1456 2354 2,
1475 2316 1505 2347 9.
1523 2333 1567 2338 —-

899 2362 992 2405 apud
1004 2366 1086 2405 pat„
1105 2373 1165 2394 zur
1183 2362 1258 2393 Zeit
1276 2361 1424 2401 (eigentl.
1443 2361 1483 2391 im
1502 2361 1567 2391 Be-

899 2408 1023 2448 reiche)
1042 2409 1101 2439 der
1118 2407 1169 2448 V.‚
1188 2407 1253 2438 Cic.
1273 2406 1355 2437 Phil.
1374 2406 1404 2446 5,
1432 2405 1483 2446 17,
1507 2405 1566 2436 48:

899 2454 991 2496 apud
1016 2455 1171 2495 antiquos
1184 2472 1206 2474 —
1223 2453 1410 2484 recentiore
1437 2461 1564 2482 memo-

899 2500 968 2537 ria,
994 2498 1080 2530 Mur.
1100 2498 1155 2539 36,
1183 2497 1240 2527 75:
1264 2496 1357 2539 apud
1370 2498 1486 2539 patres
1504 2506 1565 2527 no-

900 2547 1010 2582 stros,
1031 2543 1093 2575 Off.
1117 2544 1148 2584 l,
1170 2542 1224 2583 ll,
1249 2541 1308 2580 353
1333 2559 1376 2563 ——
1393 2540 1566 2584 descript„

903 2589 937 2630 1,
960 2588 1020 2629 42,
1045 2589 1076 2620 5.
1100 2606 1144 2610 -—
1161 2589 1288 2630 quaest.
1311 2585 1395 2618 nulli
1411 2596 1475 2628 er„
1499 2597 1565 2619 von

1597 327 1637 360 16

1597 439 1636 471 17
