1698 2864
515 192 642 225 LIBER
667 191 724 225 lv.
775 192 868 225 CAP.
896 193 949 224 53.
977 193 1030 224 59.
1393 195 1473 234 255

71 211 97 229 a.
120 202 172 228 ch.
193 203 254 227 406.

69 294 315 346 suscipiendo
351 294 466 349 bello,
501 294 700 345 profertur
727 298 881 344 tempus
907 293 1092 333 ferundae
1120 295 1232 345 legis,
1271 308 1406 346 quam,
1443 296 1475 334 si

70 351 240 391 subiecta
262 350 425 389 invidiae
444 356 558 397 esset,
581 350 768 401 antiquari
791 349 1012 400 apparebat.

179 408 338 446 Interim
360 407 538 445 tribunos
560 407 722 446 militum
740 406 783 444 -in
806 407 987 445 Volscum
1010 417 1144 455 agrum
1168 407 1306 445 (lucere
1327 408 1471 446 exerci-
1500 409 1553 448 59

68 469 148 503 tum
178 463 338 515 placuit3
367 463 433 501 Cn.
462 463 663 502 Cornelius
691 475 792 501 unus
822 463 971 501 Romae
996 462 1166 501 relictus.
1210 468 1286 502 tres
1313 464 1470 510 tribuni,
1500 471 1519 502 2

68 525 278 572 postquam
301 519 404 557 nullo
426 519 511 558 loco
535 524 658 558 castra
676 519 903 557 Volscorum
929 530 1014 556 esse
1035 530 1106 557 nec
1127 519 1409 558 commissuros
1432 533 1473 558 se

67 576 215 628 proelio
237 575 425 626 apparuit,
448 575 640 626 tripertito
663 575 707 614 ad
730 575 986 613 devastandos
1008 575 1104 613 fines
1128 575 1353 614 discessere.
1396 577 1472 614 Va—
1500 582 1519 614 3

64 633 182 672 lerius
198 632 357 670 Antium
374 632 480 682 petit,
503 632 703 670 Cornelius
720 631 895 678 Ecetras;
919 643 1161 682 quacumque
1178 631 1385 678 incessere,
1401 632 1474 670 late

67 688 241 740 populati
259 692 350 726 sunt
364 693 463 726 tecta
481 700 684 738 agrosque,
700 692 743 726 ut
759 687 987 726 distinerent
1003 687 1181 734 volscos,
1198 687 1352 734 Fabius,
1370 688 1472 738 quod

67 745 232 783 maxime
254 744 462 796 petebatur,
485 745 531 783 ad
548 744 679 783 Anxur
701 745 1006 795 oppugnandum
1029 745 1110 782 sine
1130 744 1204 782 ulla
1223 744 1473 795 populatione

68 801 240 840 accessit.
282 801 414 839 Anxur
433 800 523 845 fuit,
547 813 642 851 quae
663 812 767 839 nunc
788 801 1014 839 Tarracinae
1036 805 1145 846 sunt,
1174 800 1265 838 urbs
1288 812 1411 851 prona
1433 800 1472 838 in
1501 807 1522 839 4

66 857 237 908 paludes.
279 857 325 895 ab
353 869 395 895 ea
423 862 532 907 parte
554 857 694 895 Fabius
725 857 1057 908 oppugnationem
1081 856 1260 895 ostendit.
1305 857 1472 895 circum—
1501 863 1520 893 5

66 914 210 952 missae
233 918 414 963 quattuor
435 913 615 952 cohortes
640 925 727 952 cum
747 914 784 951 C.
803 913 961 951 Servilio
980 912 1098 951 Ahala
1116 924 1202 950 cum
1222 912 1472 951 inminentem

66 970 153 1008 urbi
170 970 304 1008 collem
323 970 527 1019 cepissent,
549 982 594 1008 ex
610 970 695 1007 loco
713 969 859 1015 altiore,
876 981 949 1019 qua
966 969 1113 1007 nullum
1131 972 1211 1006 erat
1228 969 1473 1018 praesidium,

65 1026 212 1076 ingenti
240 1026 406 1063 clamore
432 1038 475 1064 ac
502 1025 672 1063 tumultu
703 1025 854 1063 moenia
881 1025 1068 1063 invasere.
1111 1024 1156 1062 ad
1188 1036 1299 1074 quem
1322 1024 1471 1063 tumul-
1502 1032 1521 1064 6

66 1086 149 1120 tum
174 1081 428 1131 obstupefacti
450 1081 515 1131 qui
537 1082 721 1119 adversus
740 1081 899 1119 Fabium
920 1080 1054 1119 urbem
1077 1080 1250 1118 infimam
1269 1080 1475 1119 tuebantur

66 1138 193 1177 locum
217 1137 354 1176 dedere
376 1137 498 1176 scalas
521 1137 770 1184 admovendi,
792 1137 980 1188 plenaque
1000 1136 1172 1175 hostium
1197 1142 1331 1175 cuncta
1353 1141 1471 1183 erant,

67 1199 104 1233 et
129 1193 274 1232 inmitis
304 1193 368 1232 diu
392 1194 529 1232 caedes
551 1194 693 1245 pariter
713 1194 942 1243 fugientium
966 1206 1009 1231 ac
1029 1193 1314 1238 resistentium,
1344 1205 1472 1232 arma-

65 1256 195 1290 torum
218 1254 329 1300 atque
350 1250 556 1288 inermium
577 1249 660 1288 fuit.
696 1249 931 1300 cogebantur
951 1250 1078 1299 itaque
1100 1248 1199 1294 victi,
1224 1249 1309 1299 quia
1331 1250 1470 1287 ceden-
1504 1258 1522 1288 7

65 1307 172 1346 tibus
195 1308 278 1356 spei
300 1306 393 1344 nihil
415 1311 512 1351 erat,
543 1318 713 1357 pugnam
737 1306 851 1353 inire,
879 1318 965 1344 cum
987 1305 1280 1355 pronuntiatum
1304 1309 1471 1355 repente,

67 1375 115 1402 ne
145 1362 230 1414 quis
253 1369 403 1413 praeter
424 1367 595 1401 armatus
617 1362 838 1409 violaretur,
869 1362 1055 1412 reliquam
1079 1373 1234 1399 omnem
1258 1362 1473 1400 multitudi—

66 1431 156 1458 nem
177 1419 429 1457 voluntariam
451 1419 554 1457 exuit
573 1419 711 1465 armis;
733 1431 899 1469 quorum
923 1419 968 1457 ad
992 1418 1067 1456 duo
1091 1418 1193 1456 milia
1216 1423 1252 1456 et
1273 1417 1472 1468 quingenti
1501 1428 1521 1459 S

65 1475 138 1514 vivi
166 1475 381 1525 capiuntur.
423 1488 443 1513 a
465 1480 589 1514 cetera
611 1475 751 1526 praeda
772 1475 913 1514 Fabius
936 1473 1092 1512 militem
1119 1474 1319 1521 abstinuit,
1349 1475 1473 1512 donec

67 1532 232 1582 collegae
252 1531 435 1577 venirent,
458 1531 503 1570 ab
524 1531 596 1570 illis
619 1544 774 1582 quoque
791 1531 1022 1571 exercitibus
1040 1535 1195 1581 captum
1213 1531 1344 1569 Anxur
1362 1530 1470 1569 dicti—
1500 1539 1520 1571 9

852 1698 884 1729 4.
916 1708 1026 1741 prona
1042 1699 1075 1728 z'n
1093 1708 1126 1740 p.
1139 1723 1146 1735 ,
1171 1697 1223 1728 die
1242 1697 1329 1737 Bur-g
1346 1697 1402 1737 lag
1418 1695 1477 1729 auf

807 1743 912 1774 einem
952 1743 1072 1774 steilen
1115 1742 1223 1782 Hiigel
1264 1743 1380 1782 (daher
1412 1743 1472 1773 der

68 1700 180 1731 hatten
189 1698 341 1730 dasVolk
355 1708 460 1738 gegen
475 1699 537 1730 den
546 1698 734 1738 Vorschlag

68 1745 326 1784 eingenommen.
342 1761 385 1766 -
398 1745 505 1786 prof,
524 1743 554 1781 3,
573 1743 626 1784 20,
645 1743 675 1775 6.
690 1761 734 1765 -—

66 1788 229 1829 invidiae,
249 1789 308 1819 der
326 1788 523 1820 erbitterten
537 1788 731 1828 Stimmung.

72 1835 316 1875 -ante'quari,
342 1832 378 1872 6,
404 1832 462 1872 38,
487 1834 525 1873 5,
550 1834 658 1864 dieses
674 1843 732 1873 ge-

68 1879 196 1910 schieht
225 1883 320 1910 sonst
349 1879 437 1909 nicht
462 1878 564 1909 leicht
587 1878 639 1909 bei
664 1879 733 1909 An-

66 1923 257 1964 kiindigung
274 1934 336 1954 von
354 1921 516 1963 Hriegen,
534 1923 602 1963 vgl.
623 1922 660 1953 31
676 1950 683 1963 ‚
702 1922 733 1963 6,

67 1968 98 2000 3.
135 1969 201 2000 Das
219 1968 364 2000 Priisens
389 1968 584 1999 bezeichnet
608 1968 659 1999 die
686 1968 731 1998 si-

67 2014 164 2044 chere
178 2013 395 2055 Erwartung,
412 2013 481 2053 vgl.
496 2013 527 2053 5,
548 2012 604 2051 18,
620 2012 657 2049 2;
678 2012 730 2051 28,

34 2086 37 2087 ⁷
67 2058 119 2100 26,
140 2058 177 2097 73
197 2058 250 2099 29,
269 2058 300 2098 3,
319 2057 338 2088 3
357 2069 386 2089 ιι.
404 2068 446 2097 3.,
465 2058 531 2098 vgl.
551 2068 577 2089 c.
597 2057 650 2097 53,
670 2057 701 2088 6.

112 2141 181 2180 59.
210 2147 285 2180 2-3.
309 2147 399 2179 nullo
416 2147 496 2185 loeo,
517 2148 568 2178 die
586 2146 732 2179 Volsker

67 2193 139 2225 sind
157 2194 246 2224 nieht
263 2193 294 2224 in
313 2193 370 2224 das
380 2192 461 2224 Feld
475 2191 625 2233 geriiekt,
642 2192 733 2223 w'ah-

66 2239 148 2270 rend
167 2239 218 2270 die
238 2238 425 2269 ro’mischen
443 2237 625 2269 Feldherrn
650 2238 730 2268 nach

67 2283 171 2315 einem
195 2283 481 2323 wohliiberlegten
499 2281 730 2323 Rriegsplane‚

66 2327 87 2370 ἓ
105 2328 141 2369 3,
159 2329 346 2360 handelten.
363 2346 407 2351 —-
422 2327 577 2365 Ecetras,
598 2326 633 2365 3,
653 2327 682 2368 4,
700 2327 731 2358 2.

67 2392 100 2396 -—
116 2374 255 2413 Ana-ur,
273 2373 546 2405 wahrscbeinlich
566 2373 624 2403 der
638 2372 730 2403 vols-

65 2418 179 2450 kische
188 2418 289 2451 Name
303 2429 365 2450 von
377 2418 569 2457 Tarracina,
586 2417 731 2448 welches

65 2464 96 2495 in
115 2464 187 2495 dem
205 2469 317 2496 ersten
337 2464 502 2503 Vertrage
520 2464 577 2494 mit
594 2462 732 2494 Cartha-

66 2519 106 2548 go
135 2509 186 2541 als
214 2509 296 2540 Rom
324 2509 539 2547 unterthiinig
568 2507 728 2548 erwiihnt,

67 2555 150 2585 dann
188 2554 268 2586 aber
300 2565 364 2586 von
395 2553 559 2586 Volskern
596 2552 733 2584 erobert

66 2600 201 2631 worden
219 2600 273 2638 ist,
292 2600 355 2631 wie
372 2599 518 2638 Antium,
536 2597 564 2640 3,
587 2597 614 2640 1,
632 2597 662 2629 4.

806 1788 929 1828 griech.
949 1787 1051 1818 Name
1072 1783 1253 1831 Τραχινή;
1286 1788 1323 1825 5,
1357 1787 1413 1825 12,
1439 1786 1468 1818 6:

806 1834 936 1864 Anca-m·
953 1832 1023 1864 loco
1047 1832 1115 1864 alto
1137 1834 1272 1868 sitnm),
1304 1832 1356 1862 die
1376 1831 1473 1862 stadt

807 1878 913 1909 selbst
931 1887 993 1917 zog
1011 1877 1077 1908 sich
1096 1887 1158 1908 von
1178 1877 1249 1907 dem
1270 1876 1374 1916 Hiigel
1392 1877 1472 1907 nach

807 1923 867 1953 der
896 1921 1002 1953 Hiiste
1031 1922 1096 1953 und
1128 1922 1187 1952 der
1215 1921 1385 1960 Miindung
1414 1921 1471 1952 des

805 1966 907 1999 Ufens
932 1967 997 1998 und
1022 1977 1092 1998 war
1114 1967 1187 1997 hier
1210 1967 1311 1997 durch
1337 1964 1471 2007 Siimpfe

805 2012 958 2053 gedeckt.
977 2029 1019 2034 —
1039 2012 1200 2050 ostendit,
1232 2022 1268 2042 er
1291 2011 1400 2042 macht
1423 2010 1472 2042 ei-

806 2068 866 2089 nen
887 2057 1143 2096 Schcinangriff,
1161 2057 1227 2096 vgl.
1248 2067 1275 2087 c.
1296 2056 1349 2086 22.

851 2103 928 2133 5-7.
961 2101 1119 2141 Servilio,
1139 2112 1165 2133 e.
1186 2101 1244 2140 59,
1264 2111 1300 2132 er
1318 2111 1388 2131 war
1405 2100 1472 2131 wol

804 2147 1114 2190 Legat.—plenaq.
1132 2147 1162 2177 lz.
1182 2156 1219 2184 c.,
1238 2147 1268 2183 5,
1289 2145 1341 2186 37,
1362 2146 1398 2183 S,
1418 2145 1470 2184 22,

806 2192 863 2235 39,
886 2193 936 2224 11,
954 2210 999 2215 —
1017 2192 1145 2232 caedes,
1165 2202 1190 2222 s.
1208 2191 1261 2229 26,
1286 2190 1338 2229 46,
1361 2190 1410 2221 10.
1428 2208 1471 2212 —-

801 2239 1082 2281 pronunciatum,
1107 2238 1166 2268 der
1184 2236 1341 2278 plo'tzlich
1361 2235 1468 2266 erias-

805 2293 884 2314 sene
903 2281 1026 2323 Befehl,
1045 2292 1070 2313 s.
1087 2293 1113 2313 c.
1133 2282 1186 2319 49,
1202 2281 1238 2312 6:
1257 2282 1469 2322 temptatum.

803 2346 846 2350 —
862 2330 1010 2370 praeter,
1028 2328 1092 2358 wie
1111 2327 1254 2357 nachher
1271 2324 1321 2360 ad.
1341 2325 1385 2355 ist
1402 2324 1470 2355 Ad-

802 2373 971 2413 verbium,
994 2383 1020 2403 s.
1040 2372 1121 2403 Sall.
1141 2371 1209 2402 Cat.
1236 2369 1294 2410 36,
1320 2369 1356 2407 2;
1380 2368 1418 2400 L.
1436 2368 1467 2408 3,

806 2418 855 2458 15,
875 2419 908 2456 53
927 2418 1044 2450 lustin.
1061 2416 1112 2457 13,
1132 2417 1162 2455 5,
1181 2416 1214 2446 2:
1235 2414 1352 2446 eoeules
1368 2424 1468 2456 prae-

805 2466 856 2495 ter
879 2463 990 2495 caedis
1014 2462 1166 2494 damnate?
1187 2460 1465 2491 restituebantur.

803 2526 848 2531 ——
864 2509 1089 2541 voluntariam
1113 2506 1231 2546 gehiirt
1254 2514 1325 2535 zum
1352 2503 1467 2534 Pr'adi-

805 2558 877 2585 cate
895 2569 916 2580 =
933 2555 1047 2594 effecit
1069 2554 1107 2583 ut
1129 2561 1193 2582 sua
1216 2552 1335 2593 sponte
1352 2549 1392 2580 ab
1409 2558 1468 2580 αι·-

804 2600 870 2630 mis
893 2598 1110 2631 discederent.
