1698 2864
685 200 812 234 LIBER
835 200 892 234 IV.
939 201 1033 234 CAP.
1060 201 1115 234 39.
1139 202 1195 235 40.
1482 219 1509 237 a.
1530 220 1558 238 u.
1578 213 1640 238 331.

243 203 324 244 218

194 312 214 344 8
242 303 478 354 Tempanius
514 308 620 342 metu
649 303 875 343 insidiarum
907 315 1000 343 suos
1030 304 1078 343 ad
1104 303 1228 343 lucem
1255 303 1387 343 tenuit.
1434 304 1643 356 degressus

242 360 380 398 deinde
416 359 500 410 ipse
534 372 622 399 cum
655 360 788 410 paucis
824 360 1064 410 speculatum
1099 373 1187 399 cum
1221 359 1267 399 ab
1296 360 1435 400 sauciis
1462 361 1640 400 hostibus

241 415 474 455 sciscitando
497 416 751 467 comperisset
772 421 896 456 castra
919 416 1148 456 Volscorum
1170 417 1318 456 deserta
1339 429 1434 465 esse,
1454 417 1573 456 laetus
1595 417 1641 456 ab

192 480 212 512 9
240 473 389 512 tumulo
406 484 499 511 suos
518 473 677 511 devocat
692 478 728 511 et
744 473 783 511 in
800 477 923 511 castra
939 472 1114 512 Romana
1131 478 1319 524 penetrat.
1350 473 1416 512 ubi
1433 486 1520 512 cum
1537 478 1642 513 vasta

238 529 465 579 desertaque
486 529 616 568 omnia
638 534 751 579 atque
773 529 950 576 eandem,
978 541 1091 580 quam
1115 530 1217 580 apud
1239 530 1392 576 hostes,
1415 530 1640 569 foeditatem

237 585 468 632 invenisset,
497 585 721 636 priusquam
744 585 904 624 Volscos
927 585 1104 635 cognitus
1126 598 1235 624 error
1253 586 1471 632 reduceret,
1500 585 1641 637 quibus

236 646 388 692 poterat
408 642 548 680 sauciis
570 641 694 680 ductis
717 653 862 688 secum,
883 641 1050 692 ignarus,
1071 654 1186 693 quam
1203 642 1401 692 regionem
1419 642 1554 680 consul
1570 654 1640 693 pe-

237 697 361 744 tisset,
385 698 431 737 ad
455 697 587 736 urbem
611 697 798 748 proximis
820 697 1022 736 itineribus
1043 699 1178 749 pergit.

156 754 211 794 40
354 754 433 792 Iam
470 766 515 792 eo
552 753 654 792 fama
688 765 838 804 pugnae
865 754 1047 792 adversae
1075 759 1371 804 castrorumque
1398 753 1641 793 desertorum

238 810 380 860 perlata
409 815 507 857 erat,
536 814 574 848 et
601 813 688 848 ante
716 810 847 848 onmia
875 809 1062 860 deplorati
1093 814 1201 849 erant
1221 809 1368 860 equites
1389 821 1470 848 non
1492 810 1641 860 privato
1691 842 1693 845 .

189 871 209 903 2
238 865 360 916 magis
384 878 499 916 quam
522 865 677 916 publico
698 865 813 912 luctu,
834 865 1052 917 Fabiusque
1070 866 1205 905 consul
1220 871 1370 905 terrore
1385 866 1471 905 urbi
1488 878 1643 917 quoque

235 922 376 961 iniecto
400 921 607 961 stationem
629 926 716 960 ante
736 926 868 972 portas
885 922 1030 973 agebat,
1055 935 1142 961 cum
1161 922 1306 974 equites
1324 923 1460 973 procul
1475 922 1546 961 visi
1561 934 1643 961 non

236 978 319 1017 sine
344 983 493 1017 terrore
521 978 568 1017 ab
600 978 744 1025 dubiis,
776 978 931 1030 quinam
962 984 1110 1027 essent,
1140 992 1232 1018 mox
1261 979 1403 1029 cogniti
1430 983 1576 1018 tantam
1597 991 1642 1017 ex

235 1040 342 1087 metu
362 1035 541 1073 laetitiam
563 1034 709 1081 fecere,
732 1039 775 1073 ut
796 1036 941 1074 clamor
961 1035 1096 1074 urbem
1120 1036 1347 1087 pervaderet
1367 1035 1640 1086 gratulantium

236 1091 363 1130 salv'os
391 1091 634 1141 victoresque
654 1091 801 1129 redisse
822 1092 988 1142 equites,
1020 1096 1058 1130 et
1078 1105 1122 1130 ex
1144 1091 1300 1130 maestis
1321 1091 1436 1142 paulo
1460 1096 1547 1130 ante
1569 1091 1641 1129 do-

190 1152 208 1184 3
237 1147 386 1194 mibus,
415 1160 510 1198 quae
532 1148 866 1186 conclamaverant
886 1161 999 1194 suos,
1028 1153 1324 1198 procurreretur
1344 1148 1382 1186 in
1405 1148 1501 1194 vias,
1529 1147 1642 1198 pavi-

235 1204 382 1254 daeque
403 1209 545 1242 matres
568 1216 611 1242 ac
633 1204 837 1254 coniuges,
861 1204 998 1243 oblitae
1019 1216 1110 1254 prae
1132 1205 1271 1254 gaudio
1295 1204 1459 1248 decoris,
1488 1203 1639 1242 obviam

235 1261 377 1311 agmini
400 1264 659 1305 occurrerent,
682 1259 721 1297 in
743 1272 836 1298 suos
859 1272 1032 1311 quaeque
1053 1260 1168 1299 simul
1185 1273 1349 1311 corpore
1365 1265 1480 1310 atque
1497 1260 1638 1307 animo,

185 1323 206 1355 4
234 1317 295 1354 vix
315 1329 406 1368 prae
428 1316 566 1366 gaudio
590 1321 805 1367 compotes,
829 1317 982 1355 effusae.
1024 1316 1189 1356 tribunis
1211 1317 1323 1368 plebi,
1345 1317 1409 1368 qui
1425 1317 1474 1355 Μ.
1492 1316 1636 1355 Postu-

234 1372 313 1411 mio
344 1377 380 1411 et
400 1373 442 1411 T.
467 1372 646 1419 Quinctio
676 1373 775 1411 diem
804 1373 995 1421 dixerant,
1025 1374 1127 1424 quod
1159 1374 1204 1412 ad
1229 1373 1340 1412 Veios
1362 1385 1496 1412 eorum
1520 1385 1637 1424 opera

234 1429 334 1468 male
360 1435 573 1480 pugnatum
602 1434 723 1475 esset,
754 1429 905 1467 occasio
934 1430 1014 1468 visa
1043 1435 1101 1468 est
1121 1442 1189 1481 per
1209 1442 1345 1469 recens
1369 1429 1499 1468 odium
1522 1430 1635 1468 Sem-

187 1495 205 1525 5
235 1486 346 1537 proni
369 1485 539 1524 consulis
562 1486 803 1524 renovandae
824 1486 862 1524 in
883 1498 950 1524 eos
971 1486 1148 1524 invidiae.
1190 1486 1316 1537 itaque
1339 1487 1518 1525 advocata
1540 1497 1637 1524 con—

233 1542 338 1580 tione
367 1554 454 1580 eum
484 1542 677 1592 proditam
700 1542 799 1580 Veiis
826 1554 906 1580 rem
936 1542 1126 1592 publicam
1150 1555 1234 1581 esse
1255 1543 1300 1581 ab
1324 1542 1505 1588 ducibus,
1538 1554 1635 1593 pro—

233 1598 353 1637 ditum
376 1598 526 1645 deinde,
550 1598 638 1649 quia
660 1598 730 1637 illis
753 1598 899 1649 inpune
917 1598 1044 1645 fuerit,
1065 1599 1103 1637 in
1120 1599 1267 1638 Volscis
1289 1599 1335 1637 ab
1355 1598 1512 1638 consule
1528 1611 1635 1637 exer-

233 1721 253 1763 §
271 1721 308 1761 23
333 1732 361 1754 c.
379 1721 431 1763 28,
450 1723 487 1760 53
514 1720 567 1760 38,
586 1721 606 1752 4
623 1732 654 1752 u.
672 1731 702 1752 a.
720 1739 764 1744 —
781 1723 898 1763 quibus

231 1785 253 1789 —
270 1766 373 1807 duet.,
392 1777 417 1797 s.
442 1766 469 1807 1,
488 1766 541 1805 29,
561 1766 591 1798 4.

276 1806 345 1843 40.
389 1811 419 1842 2.
454 1811 600 1854 publico,
631 1812 690 1842 der
707 1810 898 1852 Untergang

232 1857 291 1888 der
308 1856 418 1888 Ritter
445 1857 528 1887 wird
558 1866 674 1896 wegen
705 1857 765 1887 der
792 1858 897 1887 hohen

231 1901 385 1942 Stellung
403 1901 578 1932 derselben
598 1902 638 1932 im
648 1901 762 1932 Staate
780 1902 829 1932 als
844 1902 896 1932 ein

234 1947 440 1978 b'ffentliches
460 1946 609 1986 Ungliick
629 1946 811 1987 betrauert,
830 1947 895 1986 vgl.

233 2002 259 2022 c.
276 1991 328 2031 30,
351 1991 408 2029 1ος
425 1992 454 2029 5,
474 1991 526 2029 39,
546 1991 576 2022 4.
591 2009 635 2014 —
649 1991 774 2023 elamor
788 1994 896 2032 grat„

230 2036 600 2078 „Freu(lengescl1rei“,
620 2046 646 2066 s.
666 2036 696 2075 3,
716 2037 766 2076 54,
789 2036 844 2074 103
866 2037 896 2075 5,

232 2081 285 2120 21,
306 2081 341 2111 11
359 2091 365 2119 3
392 2080 599 2120 Nagelsbach
619 2080 652 2111 S.
671 2080 725 2112 92.

276 2125 308 2156 3.
334 2126 634 2163 conclamaverant,
654 2135 747 2156 wenn
762 2126 896 2165 jemand

230 2170 409 2211 gestorben
427 2180 507 2207 war,
526 2171 640 2200 wurde
656 2180 693 2200 er
710 2170 895 2201 beiNamen

232 2214 380 2256 gerufen,
400 2215 466 2246 und
484 2215 592 2246 lantes
613 2214 821 2254 &Vehklagen
839 2226 896 2246 er-

230 2260 348 2298 hoben,
370 2261 398 2301 1,
416 2260 469 2299 41,
488 2259 518 2290 6.
533 2270 672 2302 -prae
682 2270 730 2301 g„
750 2270 809 2290 vor
826 2260 897 2291 lau-

231 2310 285 2336 ter
298 2305 355 2337 Fr.
372 2323 415 2328 —-
429 2305 570 2344 decoris,
590 2305 667 2336 weil
684 2315 718 2336 es
738 2305 826 2336 nicht
844 2304 896 2336 fiir

232 2350 408 2381 schicklich
443 2350 530 2390 galt,
559 2350 635 2381 dass
665 2349 796 2381 Frauen
828 2350 895 2381 sich

233 2395 400 2427 iiffentlich
420 2396 561 2435 zeigten,
589 2405 615 2426 s.
634 2394 694 2434 22,
719 2395 755 2434 7,
785 2394 835 2426 11.
852 2413 897 2418 ——-

231 2441 334 2472 simul
348 2459 371 2463 —
387 2443 485 2481 atque
502 2441 616 2471 stehen
641 2440 670 2470 in
694 2441 896 2480 gegenseiti-

232 2495 292 2525 ger
321 2485 524 2525 Beziehung‚
555 2485 617 2516 wie
646 2484 704 2523 28,
741 2485 801 2523 32,
838 2485 895 2517 11:

231 2531 410 2562 simul—et.
426 2548 467 2552 —
483 2533 652 2573 compotes
668 2529 812 2570 absolut,
831 2530 894 2561 wie

233 2575 292 2606 Sil.
311 2575 350 2607 lt.
368 2576 403 2615 4,
429 2575 506 2606 808:
526 2578 618 2607 metu
635 2577 691 2607 vim
708 2585 843 2618 compos
862 2575 894 2606 I-

230 2620 338 2653 milce.
355 2638 400 2645 -—
416 2631 532 2663 quaeq.
548 2639 570 2644 -—
587 2622 734 2662 effusae,
751 2620 819 2660 vgl.
838 2620 891 2660 40,

974 1723 990 1752 5
1002 1746 1009 1760 ,
1035 1721 1071 1752 6:
1089 1725 1202 1754 cetera
1218 1724 1250 1754 in
1268 1732 1369 1754 sumn
1387 1732 1533 1764 quaeque
1551 1723 1634 1752 tem-

968 1778 1035 1810 pus
1059 1767 1192 1808 agenda
1214 1767 1397 1808 differam&
1422 1767 1480 1807 41,
1505 1766 1565 1806 25,
1595 1765 1632 1803 83

972 1814 1002 1852 5,
1021 1811 1050 1849 8,
1069 1812 1170 1843 13.—-
1186 1814 1327 1854 effusae,
1342 1813 1400 1843 mit
1413 1814 1446 1843 in
1464 1822 1544 1843 suos
1558 1821 1634 1842 ver-

970 1858 1109 1896 bunden,
1127 1858 1242 1888 deutet
1256 1858 1285 1888 in
1298 1857 1406 1895 Bezug
1422 1855 1481 1887 auf
1494 1865 1635 1898 corpore

971 1903 1022 1933 die
1042 1902 1293 1942 Umarmungen,
1313 1901 1404 1932 Hom.
1424 1900 1484 1932 Od.
1503 1900 1532 1940 8,
1550 1900 1635 1931 493:

970 1943 1063 1989 ἄμφ’
1084 1944 1182 1988 αὐτῷ
1192 1946 1348 1989 χυμένη,
1366 1943 1425 1977 auf
1437 1947 1563 1985 animo,
1582 1945 1633 1976 die

970 1991 1151 2031 Hestigkeit
1168 1992 1228 2022 der
1238 1989 1376 2022 Geffihle
1394 2001 1445 2031 an,
1464 2001 1490 2022 s.
1508 1990 1562 2030 42,
1580 1990 1633 2030 30,

970 2036 1006 2066 2:
1029 2046 1112 2079 pars
1131 2036 1360 2078 (principum)
1386 2038 1434 2067 ita
1457 2037 1490 2067 in
1508 2035 1633 2067 Roma-

968 2091 1030 2112 nos
1048 2082 1154 2122 effusi
1169 2084 1267 2112 erant
1284 2086 1366 2115 etc.;
1387 2080 1536 2112 Cic.Att.
1553 2080 1583 2120 7,
1602 2080 1634 2121 3,
1696 2109 1698 2112 Α

970 2126 1006 2156 3;
1032 2128 1099 2157 si—
1117 2129 1225 2158 totum
1246 2137 1282 2158 se
1306 2126 1357 2157 ille
1380 2127 1415 2157 in
1438 2136 1492 2157 me
1507 2126 1633 2168 prqfu-

969 2170 1091 2209 dt'sset3
1124 2171 1220 2211 L.4,
1250 2171 1309 2211 58,
1338 2171 1375 2209 93
1406 2171 1464 2209 27,
1494 2170 1553 2209 50,
1580 2171 1631 2202 10.

969 2215 1079 2248 Ueber
1095 2216 1152 2247 das
1172 2220 1253 2257 part.
1275 2221 1380 2257 praet.
1398 2215 1428 2256 3,
1447 2215 1476 2257 3,
1498 2215 1549 2247 10.

1023 2261 1054 2292 4.
1112 2261 1290 2293 Postumio
1329 2266 1392 2292 etc.
1433 2261 1477 2292 ist
1510 2261 1632 2292 vorhei·

969 2306 1059 2337 nicht
1099 2307 1261 2337 erwabnt.
1311 2306 1371 2337 Die
1406 2305 1555 2346 Anklage
1588 2305 1632 2337 ist

968 2352 1032 2382 seit
1049 2351 1206 2390 langerer
1220 2351 1295 2382 Zeit
1312 2352 1362 2381 die
1381 2355 1483 2390 erste,
1501 2351 1552 2382 die
1570 2361 1632 2382 vor

968 2396 1019 2426 die
1053 2395 1174 2427 Tribus
1207 2396 1366 2436 gebracht
1395 2397 1488 2428 wird.
1517 2415 1560 2418 —
1588 2395 1634 2426 ad

969 2441 1092 2481 Veios,
1127 2452 1152 2472 e.
1189 2442 1242 2472 31.
1271 2458 1313 2463 —
1344 2451 1448 2482 opera
1475 2455 1496 2466 =
1524 2440 1630 2482 culpa.

968 2485 1107 2517 warum
1134 2486 1222 2517 nicht
1247 2486 1327 2517 aucl]
1354 2487 1413 2516 der
1436 2486 1536 2516 dritte
1553 2485 1629 2516 Tri-

967 2530 1030 2561 bun
1049 2531 1184 2571 belangt
1202 2531 1295 2569 wird,
1314 2531 1358 2561 ist
1380 2531 1469 2561 nicht
1485 2540 1628 2570 angege-

967 2575 1046 2614 ben3
1066 2586 1103 2607 er
1117 2586 1183 2608 war
1196 2575 1285 2608 viell.
1299 2576 1465 2619 praesent.
1481 2577 1556 2607 urb.
1570 2585 1628 2615 ge-

962 2630 1084 2653 wesen.
