1698 2864
139 416 158 446 ξπ

140 696 158 727 7

120 1306 159 1337 10

118 1475 156 1508 11

120 1587 160 1618 12

697 245 823 278 LIBER
841 245 881 277 V.
921 245 1012 277 CAP.
1027 244 1057 276 8.
1428 258 1454 276 a.
1477 259 1504 277 u.
1525 251 1589 278 352.

187 252 269 291 276

189 352 375 390 adversus
397 350 532 388 hostes
554 347 672 387 animi
692 347 928 394 habuerunt,
950 351 988 385 et
1007 351 1162 385 auctum
1183 351 1243 385 est
1262 345 1405 384 bellum
1425 344 1591 383 adventu

187 407 389 458 repentino
413 405 662 456 Capenatium
683 408 796 454 atque
813 403 1062 442 Faliscorum.
1099 403 1136 441 hi
1158 402 1234 441 duo
1252 401 1426 441 Etruriae
1442 400 1591 451 populi,

189 463 277 514 quia
306 462 475 525 proximi
496 461 652 511 regione
673 465 800 507 erant,
830 459 985 498 devictis
1010 458 1095 497 Veis
1117 458 1216 497 bello
1238 470 1392 509 quoque
1413 457 1590 496 Romano

188 532 229 558 se
256 518 457 570 proximos
483 518 566 556 fore
596 516 815 561 credentes,
841 515 979 554 Falisci
1000 515 1157 565 propria
1179 515 1292 554 etiam
1315 526 1428 553 causa
1449 513 1590 560 infesti,

188 575 291 626 quod
314 574 486 613 Fidenati
506 573 602 612 bello
627 585 668 611 se
690 572 764 611 iam
788 577 896 610 antea
917 571 1213 616 inmiscuerant,
1237 583 1307 621 per
1327 571 1472 620 legatos
1489 569 1590 607 ultro

189 631 362 681 citroque
389 630 533 668 missos
562 629 644 667 iure
672 628 834 666 iurando
863 628 963 666 inter
992 640 1034 666 se
1062 627 1219 677 obligati
1249 639 1335 665 cum
1364 625 1591 664 exercitibus

188 687 421 737 necopinato
445 686 491 723 ad
512 685 623 723 Veios
645 696 852 722 accessere.
887 684 987 722 forte
1008 696 1051 722 ea
1068 685 1237 732 1egi0ne,
1259 694 1332 732 qua
1348 681 1414 720 Μ’.
1434 681 1592 731 Sergius

186 742 364 781 tribunus
382 741 546 779 militum
564 745 748 791 praeerat,
772 744 895 778 castra
912 739 1036 778 adorti
1052 744 1156 785 sunt,
1178 738 1450 788 ingentemque
1465 742 1592 775 terro—

188 811 271 837 rem
294 797 466 845 intulere,
491 797 576 847 quia
593 796 785 834 Etruriam
808 806 965 834 omnem
982 795 1141 833 excitam
1160 795 1318 833 sedibus
1336 805 1477 844 magna
1493 793 1595 831 mole

193 855 327 892 adesse
346 853 512 891 Romani
535 852 787 891 crediderant.
824 852 954 890 eadem
978 851 1110 901 opinio
1128 850 1302 889 Veientes
1323 850 1361 888 in
1383 850 1478 888 urbe
1498 860 1593 888 con—

190 909 325 949 citavit.
367 909 416 947 ita
438 908 594 959 ancipiti
616 908 762 959 proelio
786 913 908 946 castra
930 907 1105 946 Romana
1127 907 1465 957 oppugnabantur,
1497 917 1594 944 con—

189 970 466 1016 cursantesque
488 977 574 1003 cum
599 965 674 1003 huc
695 969 807 1015 atque
828 964 915 1002 illuc
936 963 1044 1014 signa
1066 963 1339 1009 transferrent,
1363 974 1435 1001 nec
1457 961 1597 1000 Veien-

189 1027 266 1059 tem
296 1021 388 1059 satis
413 1021 591 1059 cohibere
612 1021 712 1059 intra
734 1021 973 1059 munitiones
997 1032 1067 1058 nec
1088 1020 1169 1058 suis
1191 1018 1443 1058 munimentis
1466 1029 1597 1056 arcere

191 1077 266 1116 vim
288 1090 330 1115 ac
350 1077 449 1115 tueri
471 1089 512 1115 se
533 1077 579 1115 ab
601 1077 788 1115 exteriore
810 1081 990 1127 poterant
1009 1076 1134 1114 hoste.
1171 1087 1246 1114 una
1268 1087 1358 1126 spes
1381 1079 1474 1121 erat,
1496 1074 1528 1112 si
1550 1086 1593 1112 ex

190 1133 402 1172 maioribus
425 1134 560 1171 castris
583 1133 871 1179 subveniretur,
897 1138 940 1171 ut
960 1132 1131 1170 diversae
1151 1132 1322 1182 legiones
1345 1131 1438 1170 aliae
1459 1131 1594 1169 adver-

190 1201 256 1227 sus
280 1189 509 1238 Capenatem
535 1201 578 1227 ac
598 1189 807 1234 Faliscum,
839 1188 932 1227 aliae
953 1193 1088 1227 contra
1111 1188 1352 1238 eruptionem
1375 1186 1594 1238 oppidano-

188 1256 274 1282 rum
296 1250 532 1294 pugnarent,
562 1245 628 1282 sed
651 1245 786 1283 castris
808 1250 985 1294 praeerat
1007 1244 1228 1294 Verginius,
1260 1243 1437 1294 privatim
1460 1242 1593 1293 Sergio

189 1300 333 1338 invisus
355 1300 610 1350 infestusque.
652 1300 703 1348 is,
726 1312 814 1339 cum
837 1301 1015 1351 pleraque
1036 1300 1187 1338 castella
1209 1304 1451 1350 oppugnata,
1475 1311 1594 1349 supe-

189 1361 289 1394 ratas
312 1356 567 1401 munitiones,
591 1356 785 1407 utrimque
805 1356 932 1394 invehi
955 1357 1109 1395 hostem
1131 1356 1392 1402 nuntiaretur,
1416 1355 1455 1395 in
1476 1355 1593 1394 armis

186 1411 325 1450 milites
346 1411 480 1456 tenuit,
504 1412 535 1449 si
559 1424 658 1462 opus
679 1412 781 1450 foret
801 1413 954 1458 auxilio,
978 1412 1160 1462 collegam
1179 1412 1354 1451 dictitans
1373 1412 1420 1450 ad
1438 1424 1480 1449 se
1497 1411 1592 1449 mis-

189 1479 337 1506 surum.
378 1467 492 1505 huius
514 1468 777 1518 adrogantiam
799 1469 1008 1518 pertinacia
1029 1469 1184 1507 alterius
1206 1468 1410 1519 aequabat,
1434 1467 1525 1518 qui,
1546 1479 1596 1505 ne

191 1535 306 1574 quam
336 1535 449 1574 opem
478 1524 523 1562 ab
551 1524 707 1562 inimico
741 1524 934 1563 videretur
963 1524 1125 1575 petisse,
1152 1524 1251 1562 vinci
1278 1524 1323 1562 ab
1345 1524 1458 1562 hoste
1480 1535 1594 1574 quam

192 1579 342 1618 vincere
370 1591 438 1629 per
460 1579 579 1618 civem
602 1580 745 1619 maluit.
786 1580 880 1619 diu
872 1593 912 1618 in
933 1581 1060 1619 medio
1084 1581 1183 1619 caesi
1205 1580 1365 1627 milites,
1393 1584 1594 1630 postremo

194 1635 355 1673 desertis
385 1635 666 1674 munitionibus
695 1636 877 1686 perpauci
908 1638 947 1675 in
975 1637 1120 1675 maiora
1148 1641 1288 1682 castra,
1315 1648 1404 1687 pars
1427 1635 1596 1675 maxima

237 1755 313 1786 4-6.
348 1755 584 1799 Capenatium,
602 1758 654 1788 die
673 1757 856 1789 Bewoliner

192 1810 255 1830 von
274 1799 414 1841 Capena,
433 1801 559 1832 siidlich
578 1812 640 1832 von
660 1803 731 1833 dem
750 1803 854 1842 Berge

193 1844 342 1883 Soracte,
363 1856 390 1876 S.
410 1845 462 1884 27,
482 1846 512 1877 4.
531 1864 573 1868 -—
590 1846 725 1887 Falisci,
751 1848 782 1887 4,
804 1848 852 1879 17.

191 1907 235 1911 —
262 1890 397 1931 ²⁴⁷{f3352'›
428 1891 508 1921 nach
539 1891 610 1923 dem
640 1891 854 1924 Zusammen-

193 1934 296 1973 hange
326 1935 453 1976 passiv:
479 1935 634 1975 bedroht‚
664 1937 760 1968 oder:
786 1939 855 1969 sich

193 1977 245 2008 fiir
263 1978 401 2010 bedroht
419 1980 568 2020 haltend,
590 1982 622 2020 1,
639 1981 699 2022 47,
722 1982 734 2013 1
756 1993 787 2014 u.
806 1993 855 2021 εις

193 2023 339 2062 dagegen
367 2023 388 2064 ξ
412 2024 430 2055 9
454 2026 558 2065 activ,
591 2026 698 2057 indem
727 2028 855 2058 inrisus

192 2068 406 2109 infestusque
424 2069 484 2099 den
503 2072 750 2110 gegenseitigen
771 2072 855 2102 Hass

193 2110 396 2151 bezeichnet,
412 2113 462 2153 26,
477 2113 529 2153 39,
549 2115 606 2152 15,
625 2115 655 2153 2,
671 2116 724 2155 56,
743 2116 772 2155 5,
787 2116 855 2155 vgl.

192 2155 224 2194 4,
239 2155 293 2195 53,
312 2156 348 2193 93
365 2157 455 2188 Curt.
476 2158 525 2197 10,
541 2158 594 2198 22,
614 2160 643 2190 7.
659 2178 703 2182 —
715 2162 855 2192 (ἀνθίαν.

193 2204 272 2239 etc.‚
318 2201 367 2232 die
408 2201 699 2242 Nothwendigkeit
745 2206 854 2236 dieses

193 2243 396 2277 Versahrens
426 2247 516 2286 zeigt
539 2248 591 2278 die
617 2249 750 2280 lockere
770 2249 855 2281 Ver-

192 2289 336 2330 bindung
356 2291 465 2322 dieser
483 2292 631 2324 Stanten.

238 2333 255 2364 7
273 2353 295 2356 —
313 2335 343 2366 8.
381 2339 495 2368 castra
523 2337 675 2377 ad.,d1e
699 2338 787 2381 Trup
772 2350 853 2381 ppen

192 2378 264 2409 sind
289 2380 360 2410 also
386 2381 474 2412 nicht
498 2392 548 2413 urn
573 2383 624 2413 die
650 2382 746 2415 Stadt
776 2395 854 2416 ver-

194 2424 474 2461 eheilt,sonde1·n
501 2427 602 2458 haben
622 2438 683 2458 nur
702 2429 852 2461 einzelne

192 2467 319 2499 Punkte
345 2470 484 2502 besetzt
503 2490 547 2493 »—
564 2472 791 2514 crediderant,
821 2475 851 2513 2,

196 2511 253 2552 18,
278 2512 307 2544 9.
326 2532 371 2537 —
394 2520 715 2559 coneutffsatteweqne
745 2519 853 2551 indem

191 2557 242 2588 ‹lie
262 2557 382 2589 nemer
399 2560 471 2591 bald
490 2561 529 2592 da
553 2562 625 2593 bald
650 2563 740 2603 doct,
770 2566 852 2596 ohne

192 2602 398 2635 bestimmten
418 2604 513 2644 Plan,
538 2607 684 2682 Αηῖςτίῧᾉ
708 2610 852 2649 macheu,

192 2646 251 2687 27,
278 2647 334 2689 18,
362 2649 419 2687 14·
444 2649 501 2689 28,
526 2651 562 2690 2,
609 2652 814 2686 :Celtiberis
832 2673 852 2677 -

927 1760 959 1790 in
978 1758 1104 1801 proelio
1122 1768 1327 1790 concursare
1342 1777 1363 1780 —
1379 1769 1454 1790 mos
1471 1761 1534 1789 est.
1550 1776 1595 1780 —

927 1805 1032 1836 cohib.
1068 1805 1174 1843 intra,
1209 1803 1447 1834 zuriickhalten
1482 1803 1594 1834 inner-

927 1849 1019 1889 halb,
1044 1848 1151 1880 Plaut.
1175 1848 1244 1880 Mil.
1269 1847 1304 1887 3,
1332 1849 1364 1887 1,
1392 1848 1424 1879 1;
1449 1848 1595 1879 cohibete

926 1895 1019 1926 intra
1034 1894 1133 1925 limen
1150 1903 1224 1931 vos,
1243 1893 1309 1932 vgl.
1328 1892 1381 1932 34,
1400 1892 1453 1930 27,
1473 1892 1525 1923 10.

975 1939 1074 1970 9-10.
1108 1949 1186 1979 spes
1204 1949 1234 1968 n.
1248 1939 1361 1968 eastra
1378 1937 1592 1978 defendendi.

929 1983 1091 2022 -aliae,
1121 1982 1159 2013 L.
1184 1982 1284 2013 denkt
1313 1982 1405 2012 mehr
1432 1982 1482 2013 als
1509 1982 1593 2013 zwei

928 2028 1097 2067 Legionen
1130 2036 1192 2057 vor
1224 2025 1316 2066 Veji,
1351 2026 1501 2066 obgleich
1534 2027 1594 2057 der

929 2072 1102 2112 Umstand‚
1132 2072 1208 2102 dass
1233 2081 1295 2102 nur
1312 2072 1395 2102 zwei
1414 2070 1594 2102 Consular-

928 2117 1082 2147 tribunen
1107 2115 1304 2155 befehligen‚
1328 2117 1410 2147 auch
1429 2127 1491 2147 nur
1509 2117 1593 2148 zwei

928 2161 1094 2201 Legionen
1114 2167 1279 2192 erwarten
1300 2161 1394 2192 l'asst.
1412 2180 1457 2184 —
1473 2161 1592 2193 adver-

927 2217 988 2238 sus
1004 2225 1026 2229 —
1043 2209 1178 2246 contra,
1197 2206 1232 2245 4,
1257 2205 1316 2246 56,
1343 2207 1372 2237 4.
1392 2223 1437 2230 —
1453 2206 1515 2238 sed
1530 2211 1592 2238 etc.

928 2252 1055 2283 enthiilt
1073 2252 1160 2282 nicht
1177 2251 1237 2282 den
1254 2250 1379 2289 Grund,
1397 2261 1522 2282 warum
1541 2251 1592 2282 dio

926 2296 1089 2336 Hoffnung
1114 2296 1202 2327 nicht
1225 2296 1255 2327 in
1278 2294 1455 2336 Erfiillung
1482 2297 1592 2337 gieng,

927 2342 1070 2372 sonderu
1105 2342 1215 2372 dieser
1248 2339 1332 2380 folgt
1361 2341 1403 2372 im
1433 2341 1591 2373 niicbsten
1647 2344 1652 2345 ⁷

926 2386 1038 2426 Satze,
1056 2387 1126 2417 dem
1144 2385 1237 2417 sed—
1253 2387 1467 2427 infestasque
1485 2387 1514 2417 in
1532 2386 1593 2417 der

926 2430 1025 2462 Forin
1051 2432 1141 2462 eines
1160 2431 1381 2473 Hauptsatzes
1400 2436 1483 2463 statt
1499 2431 1591 2462 eines

927 2476 1045 2508 Satzes
1070 2477 1129 2508 mit
1152 2486 1226 2508 cum
1250 2477 1457 2508 voransteht.
1473 2494 1517 2499 —
1535 2486 1590 2507 ca-

925 2521 1038 2559 stella,
1064 2532 1092 2553 e.
1112 2522 1147 2560 5,
1172 2521 1202 2552 5.
1221 2539 1264 2544 —-
1288 2522 1507 2561 munitiones,
1537 2521 1589 2552 die

925 2566 1227 2606 Verschanzungen
1255 2566 1422 2597 zwischen
1447 2566 1509 2597 den
1527 2565 1590 2597 Ca-

926 2611 1059 2642 stellen.
1077 2629 1121 2634 —
1137 2611 1246 2642 invehi
1259 2612 1303 2649 Ιι.,
1321 2611 1352 2651 4,
1372 2610 1426 2650 53,
1444 2609 1476 2642 3.

974 2656 1025 2687 12.
1058 2658 1190 2688 maiora
1206 2666 1250 2694 c.,
1274 2656 1332 2687 das
1349 2666 1389 2688 an
1407 2656 1512 2687 einem
1529 2665 1589 2686 an·
