1698 2864
208 195 260 234 32
661 193 788 226 LIBER
809 193 862 226 111.
911 193 1005 226 CAP.
1026 195 1078 226 15.
1099 193 1150 226 16.

1437 210 1463 229 a.
1484 211 1512 229 u.
1535 204 1600 230 294.

204 300 319 336 esset.
362 295 513 336 solliciti
533 295 725 347 reliquum
745 296 872 335 noctis
894 295 1118 346 incertique,
1141 295 1205 347 qui
1225 296 1417 344 homines,
1439 301 1606 347 quantus

202 365 392 392 numerus
413 353 586 392 hostium
605 357 721 399 esset,
743 352 782 391 in
799 352 1030 391 stationibus
1049 351 1302 404 disponendis
1319 353 1368 392 ad
1385 358 1607 404 opportuna

204 409 332 448 omnis
366 409 473 448 urbis
506 409 589 448 loca
625 421 748 460 egere.
795 408 859 447 lux
888 408 1026 447 deinde
1053 409 1203 459 aperuit
1223 409 1366 448 bellum
1393 409 1607 460 ducemque

204 465 302 505 belli.
343 478 476 505 servos
505 466 552 504 ad
573 465 786 504 libertatem
803 465 951 516 Appius
974 464 1195 504 Herdonius
1213 478 1259 504 ex
1279 465 1468 517 Capitolio
1490 478 1605 505 voca-

204 522 290 561 bat:
319 534 360 561 se
382 522 591 561 miserrimi
614 523 800 572 cuiusque
823 520 1043 572 suscepisse
1065 533 1233 569 causam,
1254 527 1297 561 ut
1317 522 1445 561 exules
1467 522 1603 561 iniuria

202 578 338 630 pulsos
367 578 408 617 in
435 578 599 630 patriam
628 573 829 617 reduceret
863 583 901 616 et
926 577 1091 616 servitiis
1127 590 1240 629 grave
1267 578 1400 629 iugum
1422 578 1603 618 demeret.

203 635 241 673 id
261 635 378 674 malle
405 635 550 687 populo
575 635 752 673 Romano
780 638 935 673 auctore
956 633 1061 681 fieri3
1089 635 1121 673 si
1151 634 1204 673 ibi
1233 647 1323 686 spes
1353 646 1433 673 non
1463 635 1532 681 sit,
1563 648 1605 673 se

203 691 365 730 Volscos
408 697 445 730 et
470 692 624 742 Aequos
663 695 700 729 et
733 691 864 729 omnia
898 695 1069 729 extrema
1095 695 1375 742 temptaturum
1408 696 1445 730 et
1472 691 1604 730 conci-

202 752 386 786 taturum.

314 804 486 842 Dilucere
518 815 581 842 res
609 804 730 854 magis
757 802 932 854 patribus
958 808 1072 854 atque
1103 803 1339 844 consulibus.
1387 807 1537 854 praeter
1563 816 1606 842 ea

201 864 348 904 tamen,
378 871 475 911 quae
512 859 858 905 denuntiabantur,
886 871 935 898 ne
964 859 1179 898 Veientium
1206 872 1282 899 neu
1304 859 1540 899 Sabinorum
1567 859 1606 897 id

202 916 409 955 consilium
432 921 555 963 esset,
577 916 732 961 timere,
755 920 811 961 et,
833 928 921 954 cum
942 920 1094 955 tantum
1116 917 1156 959 in
1179 916 1272 955 urbe
1294 916 1467 968 hostium
1488 920 1603 958 esset,

200 985 292 1011 mox
314 972 478 1011 Sabinae
504 973 766 1023 Etruscaeque
789 972 959 1022 legiones
988 985 1033 1011 ex
1060 972 1266 1023 conposito
1294 973 1494 1019 adessent3
1521 977 1606 1011 tum

201 1029 344 1067 aeterni
360 1029 507 1074 hostes,
525 1028 652 1067 Volsci
672 1033 709 1067 et
724 1028 844 1079 Aequi
865 1040 945 1067 non
966 1029 1012 1066 ad
1035 1029 1292 1079 populandos,
1313 1033 1471 1075 utente,
1495 1028 1605 1074 fines,

202 1085 271 1124 sed
297 1085 344 1123 ad
370 1085 504 1123 urbem
525 1089 569 1124 ut
594 1098 639 1123 ex
660 1090 767 1135 parte
788 1089 939 1135 captam
963 1085 1146 1123 venirent.
1184 1085 1293 1123 multi
1316 1090 1353 1124 et
1373 1084 1466 1123 varii
1487 1084 1606 1123 timo-

200 1153 279 1180 res:
301 1141 401 1179 inter
422 1146 570 1180 ceteros
593 1140 788 1179 eminebat
807 1145 934 1179 terror
955 1140 1124 1187 servilis,
1153 1152 1202 1179 ne
1223 1153 1318 1180 suus
1341 1141 1477 1192 cuique
1499 1140 1606 1179 domi

200 1197 326 1236 hostis
350 1203 470 1244 esset,
501 1198 560 1237 cui
582 1209 654 1236 nec
673 1197 830 1235 credere
851 1208 923 1235 nec
942 1208 1024 1236 non
1045 1197 1249 1244 credendo,
1270 1209 1319 1236 ne
1340 1196 1518 1236 infestior
1537 1197 1606 1234 fie-

200 1259 269 1302 ret,
292 1254 406 1292 fidem
422 1254 610 1304 abrogare
631 1253 723 1292 satis
745 1258 827 1292 erat
846 1257 994 1299 tutum3
1016 1254 1154 1304 vixque
1176 1253 1383 1292 concordia
1400 1253 1484 1292 sisti
1499 1252 1606 1292 vide-

938 1399 1134 1431 Herdonius.
1152 1418 1192 1421 ——
1214 1399 1420 1438 Veientium,
1444 1399 1510 1429 wol
1529 1399 1605 1429 weil

202 1403 334 1432 tantum
357 1403 408 1440 ut,
431 1400 684 1440 restringirend,
709 1399 740 1440 2,
760 1400 814 1440 57,
832 1398 864 1430 3.

938 1443 1041 1475 Caeso
1072 1445 1140 1476 sich
1164 1444 1244 1475 nach
1271 1443 1428 1474 Etrurien
1458 1443 1604 1484 begeben

200 1463 245 1468 ——-
266 1448 405 1485 incerto,
428 1445 552 1487 passiv,
577 1455 603 1477 s.
628 1446 658 1484 4,
684 1444 715 1485 6,
740 1445 778 1478 2;
811 1444 864 1484 27,

202 1490 254 1531 37,
279 1490 316 1526 ὃς
341 1491 461 1521 anders
485 1492 680 1532 incertique.
708 1507 754 1512 —
772 1488 863 1530 reliq.

200 1546 232 1567 η.
251 1536 371 1575 gehb'rt
388 1546 429 1566 zu
448 1545 558 1576 egere,
579 1545 605 1566 s.
625 1535 654 1575 7,
673 1534 727 1575 21,
752 1534 787 1565 6:
814 1536 865 1565 to-

200 1583 334 1621 tamque
366 1590 440 1611 eam
470 1583 601 1611 noctem
634 1590 709 1611 cum
739 1590 866 1621 magno

199 1626 305 1656 animi
320 1628 413 1656 metu
429 1644 452 1648 —
469 1627 555 1666 egit3
584 1624 632 1666 10,
651 1624 705 1665 43,
728 1624 786 1663 12;
811 1623 865 1664 23,

198 1670 253 1710 25,
274 1670 309 1707 13
326 1670 356 1711 9,
374 1670 427 1707 45,
453 1670 501 1701 10.
520 1688 565 1692 —
583 1672 782 1713 opportuna,
807 1679 864 1708 ge-

199 1714 311 1754 eignet
327 1715 388 1745 den
408 1714 511 1746 Feind
530 1714 762 1754 abzuwehren,
786 1714 866 1745 oder

199 1760 261 1790 den
279 1760 447 1800 Angriffen
467 1759 644 1791 desselben
658 1763 865 1799 ausgesetzt.

197 1822 242 1827 ——
266 1804 336 1845 lum,
360 1804 411 1841 27,
432 1804 463 1844 2,
495 1805 550 1836 1οε
577 1805 782 1847 luoefugam
806 1805 866 1836 Ιιο-

199 1851 304 1881 stium
321 1852 465 1892 aperuit.

245 1894 275 1926 9.
301 1895 347 1926 ad
363 1914 384 1917 —
402 1905 483 1935 voc„
505 1894 558 1933 34,
583 1895 636 1933 31,
664 1895 712 1926 11.
739 1897 865 1926 -mi—

199 1941 338 1971 sev-rimi
365 1950 403 1979 c.,
432 1940 495 1971 wie
525 1940 605 1971 Sall.
635 1939 705 1971 Cat,
738 1939 798 1979 35,
828 1939 864 1970 3:

198 1984 365 2027 publicam
394 1987 600 2017 miserorum
629 1994 767 2016 causam
789 1995 866 2016 sus-

200 2031 280 2072 cepi.
309 2047 354 2052 —
383 2032 422 2060 ut
451 2034 526 2069 etc.‚
557 2029 783 2068 Erliiuterung
807 2030 864 2060 des

199 2076 332 2106 miserr.
350 2085 376 2106 c.
393 2092 438 2097 ——
454 2077 604 2115 auctore,
626 2075 733 2105 indem
758 2083 795 2104 er
812 2075 865 2105 die

201 2119 305 2150 Sache
324 2123 487 2157 verti-ete,
512 2119 582 2150 sich
606 2119 782 2150 derselben
807 2129 867 2150 an-

199 2165 325 2195 nehme.
342 2181 385 2186 —
402 2165 456 2203 ibi,
479 2164 506 2203 l,
520 2163 574 2203 38,
592 2164 629 2195 4:
647 2165 714 2195 ubi.
733 2181 778 2187 —
796 2175 867 2196 om-

198 2211 256 2240 nia
269 2211 351 2249 emt„
366 2208 447 2240 Sall.
462 2209 496 2240 C.
512 2208 609 2248 26‚5:
625 2211 783 2241 eoetrema
796 2220 866 2241 om-

198 2256 255 2286 m'a
268 2256 434 2297 eoepe7·im';
451 2253 517 2285 Cic.
530 2254 569 2284 ad
580 2253 669 2285 Brut.
688 2254 715 2293 1,
734 2254 789 2285 16:
805 2266 865 2286 ecc-

196 2301 312 2342 periar
326 2302 359 2330 et
372 2301 538 2341 temptabo
547 2300 670 2330 omnia.
696 2299 787 2330 Auch
797 2309 826 2330 a.
835 2310 865 2331 u.

200 2344 248 2376 St.
269 2344 400 2375 bezieht
424 2345 491 2375 sich
517 2344 692 2375 cbiastisch
719 2348 863 2388 tcmpta-

201 2392 316 2421 turum
333 2389 390 2420 auf
406 2391 533 2421 omnia:
551 2390 748 2428 versuchen,
767 2390 863 2421 riski-

200 2444 277 2473 ren,
306 2436 552 2466 concnam-um
581 2432 639 2465 auf
659 2434 804 2467 Volscos
832 2437 866 2466 et

199 2481 349 2527 Aequos,
365 2480 432 2519 vgl.
454 2480 481 2519 1,
501 2478 553 2519 53,
572 2479 602 2510 8.

245 2518 313 2557 16.
357 2524 403 2555 1-
410 2523 440 2556 2.
483 2524 779 2565 denuntiabantur,
809 2525 861 2555 die

200 2568 355 2602 officiellc
365 2568 673 2610 llleldung,wieoft;
685 2579 720 2601 es
734 2570 866 2601 sinddie

199 2615 279 2646 eben
306 2615 574 2655 angekiindigten
596 2615 775 2647 Absichten
804 2615 863 2646 des

938 1490 1047 1527 hatte;
1065 1488 1221 1529 Sabinos,
1240 1488 1317 1519 weil
1332 1488 1517 1519 Herdonius
1535 1488 1606 1519 die-

938 1544 996 1565 sen
1020 1535 1213 1574 angchb'rte.
1239 1551 1283 1556 —
1308 1536 1339 1564 et
1362 1544 1392 1564 n.
1417 1544 1470 1565 ne.
1491 1550 1537 1556 —-
1559 1533 1605 1565 le-

935 1581 1067 1620 giones,
1085 1578 1116 1616 2,
1136 1578 1190 1617 26,
1209 1577 1241 1609 3.
1254 1596 1298 1601 —-
1314 1581 1404 1619 ante,
1423 1588 1450 1609 c.
1469 1577 1499 1609 8.

984 1624 1016 1655 3.
1048 1624 1148 1656 mulli
1165 1628 1241 1662 etc„
1267 1622 1296 1662 l,
1319 1623 1370 1664 41,
1398 1623 1427 1656 1.
1450 1641 1495 1645 —-
1516 1624 1605 1654 inter

938 1671 1011 1710 θοῇ,
1035 1669 1184 1709 obgleich
1208 1678 1279 1700 man
1305 1668 1356 1699 die
1379 1667 1604 1708 auswiirtigen

938 1713 1085 1753 Feinde,
1108 1714 1161 1745 die
1186 1714 1423 1744 erschienenen
1441 1713 1505 1744 und
1523 1713 1604 1744 noch

939 1769 980 1789 zu
1020 1759 1263 1800 erwartenden,
1303 1757 1488 1798 fiirchtete,
1534 1767 1606 1789 war

938 1804 1020 1835 doch
1039 1805 1098 1835 der
1111 1803 1299 1835 Schrecken
1312 1813 1374 1834 vor
1387 1803 1492 1834 einem
1506 1802 1605 1834 skla-

939 1847 1141 1880 venaufrubr
1170 1848 1250 1879 noch
1281 1850 1430 1888 gr'o'sser.
1453 1865 1498 1871 -
1520 1859 1562 1879 ne
1584 1867 1604 1870 —

938 1896 1037 1933 esset,
1061 1893 1253 1933 Erkliirung
1270 1902 1334 1923 von
1359 1895 1480 1932 terror,
1502 1903 1529 1923 c.
1553 1892 1604 1932 10,

939 1939 975 1978 7,
1003 1940 1059 1970 σαί
1086 1948 1145 1970 nec
1177 1942 1241 1969 etc.
1274 1938 1421 1977 dagegen
1455 1937 1508 1968 die
1539 1947 1604 1968 von

938 1983 1056 2024 lio-sits,
1079 1984 1150 2014 dem
1169 1993 1241 2014 man
1254 1982 1374 2023 jedoch
1399 1986 1494 2013 sonst
1516 1982 1606 2013 nicht

938 2032 1038 2059 traut.
1057 2046 1101 2051 —
1117 2039 1176 2060 nec
1193 2039 1259 2060 non
1277 2038 1323 2059 cr.
1330 2031 1439 2068 ,statt
1457 2028 1516 2058 des
1535 2027 1606 2058 ein—

938 2071 1053 2104 fachen
1083 2072 1323 2115 Gegensatzes,
1353 2082 1380 2103 s.
1410 2072 1464 2110 21,
1492 2071 1544 2113 34,
1572 2072 1604 2109 4,

939 2118 1022 2149 wird
1055 2118 1204 2158 zugleich
1238 2118 1290 2149 die
1330 2127 1372 2148 zu
1409 2116 1604 2148 furchtende

939 2163 1043 2203 Folge
1069 2164 1126 2194 des
1149 2174 1216 2195 non
1239 2162 1375 2195 credere
1397 2161 1603 2203 angegeben.

940 2209 1040 2239 durch
1074 2208 1207 2249 Mangel
1240 2218 1280 2239 an
1314 2207 1502 2240 Vertrauen
1541 2207 1602 2237 den

940 2253 1083 2285 Sklaven
1117 2255 1175 2284 das
1206 2253 1393 2285 Vertraueu
1422 2252 1604 2292 abzuspre-

940 2300 1032 2339 chen,
1056 2299 1104 2330 sie
1128 2298 1182 2330 siii·
1203 2297 1458 2336 unzuverl’aissig
1480 2306 1522 2327 zu
1546 2306 1602 2326 er-

940 2344 1054 2375 kliiren
1075 2343 1190 2386 (fidem
1206 2343 1398 2384 abrogare),
1417 2342 1527 2372 schien
1546 2340 1602 2371 be—

938 2389 1109 2428 denklich,
1139 2389 1177 2420 da
1206 2397 1278 2419 man
1302 2385 1453 2418 fiircliten
1477 2390 1602 2417 musste

938 2445 969 2465 u.
989 2445 1016 2465 s.
1034 2444 1074 2465 w.
1110 2434 1177 2465 Der
1195 2432 1319 2472 ssegrifl'
1332 2433 1391 2463 der
1409 2431 1533 2462 Furclit
1556 2431 1603 2462 ist

938 2479 969 2510 in
986 2489 1046 2510 nec
1061 2497 1084 2501 —
1100 2480 1186 2510 satis
1204 2481 1314 2509 tatum
1336 2479 1412 2508 erac
1433 2476 1603 2516 angcdeu-

938 2528 996 2564 tet,
1027 2524 1094 2564 vgl.
1122 2523 1175 2561 22,
1206 2522 1260 2562 22,
1293 2522 1348 2553 14:
1376 2522 1490 2552 lzabzta
1509 2520 1602 2563 fides

937 2571 1049 2612 ipsam
1064 2569 1262 2621 plerumque
1279 2566 1368 2598 obliff
1341 2566 1534 2609 gatfidem.

984 2613 1015 2645 4.
1042 2615 1163 2656 tiz-qne
1180 2618 1243 2644 etc.
1269 2612 1371 2643 bildet
1393 2612 1456 2643 den
1474 2611 1600 2644 Ueber-
