1698 2864
614 209 741 242 LIBER
762 209 818 242 IV.
860 209 952 242 CAP.
972 210 1003 243 5.
1029 210 1061 242 6.
1091 223 1094 227 ·

130 229 157 247 a.
179 221 233 248 cn.
253 220 316 246 445.
1455 213 1532 257 155

128 326 198 353 vos
219 313 398 353 dilectum
419 324 490 363 pro
508 323 636 362 poena
652 308 896 350 decernetis?
913 315 962 358 et,
985 311 1100 350 simul
1115 324 1185 362 ego
1202 312 1382 352 tribunus
1399 325 1534 353 vocare

92 414 95 416 ,
127 369 254 409 tribus
276 369 315 408 in
335 367 564 419 suffragium
585 379 764 419 coepere,
786 372 829 406 tu
845 367 974 406 statim
991 368 1128 406 consul
1143 374 1384 408 sacramento
1403 370 1533 409 iunio-

127 438 191 465 res
212 425 342 476 adiges
365 429 401 463 et
420 423 460 463 in
481 428 604 463 castra
625 424 780 470 educes,
801 428 839 463 et
858 423 1070 462 minaberis
1092 424 1210 474 plebi,
1234 425 1441 465 minaberis
1462 426 1534 465 tri-

128 479 267 521 buno?
297 480 407 531 quid,
437 480 470 519 si
495 492 588 528 non,
610 485 795 531 quantum
818 480 915 519 istae
935 479 1062 519 minae
1083 480 1266 519 adversus
1288 481 1409 532 plebis
1437 494 1532 521 con-
1562 489 1581 522 3

127 549 285 576 sensum
305 537 486 584 valerent,
507 537 565 576 bis
587 537 662 576 iam
679 537 825 589 experti
842 535 1008 576 essetis?
1030 536 1186 583 scilicet,
1203 537 1289 588 quia
1305 538 1419 577 nobis
1437 551 1533 577 con-

127 593 270 633 sultum
291 592 486 640 volebatis,
509 593 717 632 certamine
733 592 998 632 abstinuistis:
1023 605 1071 632 an
1092 592 1177 631 ideo
1199 604 1280 632 non
1297 598 1356 632 est
1372 594 1533 633 dimica-

126 654 231 697 tum,
260 650 364 701 quod
393 662 489 701 quae
519 661 610 700 pars
632 650 800 697 firmior,
823 649 957 688 eadem
978 649 1195 688 modestior
1214 648 1315 689 fuit?
1336 662 1409 689 nec
1428 662 1533 690 nunc

127 706 199 745 erit
218 710 432 752 certamen,
462 706 645 753 Quirites.
686 705 838 745 animos
860 711 1009 745 vestros
1030 706 1081 745 illi
1101 706 1345 757 temptabunt
1365 719 1531 758 semper,
1562 715 1583 746 4

126 762 225 801 vires
253 773 335 801 non
362 762 617 814 experientur.
666 762 795 814 itaque
816 763 862 801 ad
890 762 988 802 bella
1014 762 1103 810 ista,
1129 775 1198 801 seu
1225 763 1320 802 falsa
1348 775 1417 802 seu
1446 776 1534 802 vera
1561 771 1581 802 5

127 824 231 865 sunt,
253 819 445 866 consules,
465 824 597 870 parata
618 819 724 858 vobis
747 819 877 870 plebes
899 824 970 867 est,
992 819 1025 858 si
1042 819 1217 858 conubiis
1238 819 1397 858 redditis
1414 832 1533 859 unam

126 875 228 914 hanc
253 875 441 914 civitatem
461 875 618 914 tandem
639 875 781 922 facitis;
809 875 841 914 si
863 876 1095 923 coalescere,
1118 876 1150 914 si
1172 876 1278 926 iungi
1300 876 1533 927 miscerique

126 931 235 970 vobis
257 931 413 983 privatis
435 932 787 971 necessitudinibus
808 937 993 983 possunt,
1015 932 1048 970 si
1070 944 1173 983 speS,
1195 932 1228 971 si
1249 933 1373 971 aditus
1395 933 1442 971 ad
1458 933 1532 971 ho-

125 999 243 1026 nores
259 987 349 1026 viris
371 988 541 1027 strenuis
558 993 595 1026 et
614 988 782 1027 fortibus
805 988 936 1035 datur,
958 989 990 1027 si
1006 989 1046 1026 in
1062 988 1276 1035 consortio,
1300 988 1333 1027 si
1349 989 1389 1027 in
1405 989 1532 1028 socie-

125 1048 202 1083 tate
222 1043 277 1082 rei
298 1043 475 1094 publicae
496 1056 595 1091 esse,
616 1044 661 1090 si,
684 1043 789 1095 quod
812 1057 955 1095 aequae
971 1044 1155 1083 libertatis
1173 1049 1242 1093 est,
1266 1044 1304 1083 in
1323 1044 1444 1083 vicem
1461 1057 1531 1083 an-

124 1099 213 1139 nuis
242 1099 532 1150 magistratibus
560 1112 695 1151 parere
716 1104 832 1151 atque
853 1100 1076 1151 imperitare
1096 1100 1195 1139 licet.
1237 1101 1269 1139 si
1301 1100 1396 1139 haec
1419 1101 1531 1151 inpe-
1561 1105 1580 1137 6

125 1155 203 1195 diet
229 1155 384 1207 aliquis,
414 1156 509 1195 ferte
537 1156 786 1196 sermonibus
815 1162 853 1196 et
878 1157 1127 1208 multiplicate
1153 1157 1255 1196 fama
1277 1157 1389 1205 bella3
1411 1169 1529 1196 nemo

126 1217 187 1251 est
206 1224 352 1251 nomen
373 1213 545 1260 daturus,
566 1225 682 1252 nemo
705 1225 811 1252 arma
834 1218 1029 1264 capturus,
1050 1226 1166 1252 nemo
1189 1214 1440 1253 dimicaturus
1459 1226 1531 1265 pro

125 1268 304 1320 superbis
327 1269 510 1316 dominis,
533 1281 621 1308 cum
644 1269 783 1320 quibus
805 1281 876 1309 nec
896 1270 935 1308 in
957 1282 1000 1308 re
1020 1270 1170 1321 publica
1191 1270 1387 1309 honorum
1405 1271 1531 1309 necin

124 1325 269 1377 privata
290 1324 445 1364 conubii
466 1325 629 1364 societas
652 1330 746 1365 est.“

239 1381 336 1420 Cum
365 1381 404 1420 in
432 1381 654 1420 contionem
682 1387 719 1421 et
747 1382 925 1421 eonsules
945 1381 1236 1433 processissent
1257 1386 1294 1421 et
1315 1394 1376 1421 res
1399 1395 1419 1421 a
1440 1394 1531 1433 per·
1561 1381 1586 1420 6

122 1437 250 1489 petuis
269 1437 509 1476 orationibus
527 1439 566 1476 in
583 1438 871 1477 altercationem
890 1438 1076 1485 vertisset,
1092 1438 1346 1489 interroganti
1357 1438 1530 1486 tribuno,

123 1506 191 1533 cur
212 1493 406 1545 plebeium
428 1494 627 1533 consulem
648 1495 730 1534 fieri
751 1507 833 1534 non
855 1499 1070 1547 oporteret,
1100 1500 1142 1534 ut
1161 1495 1328 1534 fortasse
1350 1507 1449 1542 vere,
1473 1495 1530 1535 sic
1559 1499 1578 1531 2

125 1640 156 1682 9,
174 1639 228 1680 43,
247 1639 278 1672 2.

170 1685 247 1717 2-4.
271 1684 447 1726 ,dil-ectum,
466 1695 492 1716 s.
512 1684 543 1725 3,
564 1685 614 1726 10,
633 1686 663 1717 9.
682 1689 726 1709 '—-
743 1688 792 1718 si-

863 1642 922 1673 mit
951 1643 1013 1673 den
1033 1642 1227 1681 Patriciern,
1259 1653 1285 1674 s.
1305 1642 1341 1681 8,
1373 1643 1408 1683 4,
1439 1642 1532 1674 2.—

863 1690 986 1719 annuis
1025 1689 1207 1729 magistr..
1254 1688 1306 1719 bei
1342 1688 1530 1729 jabrlicben

123 1730 204 1770 mul,
222 1730 252 1770 3,
271 1730 324 1771 26,
345 1730 397 1762 10.
411 1748 455 1753 -—-
469 1740 613 1762 sacram.
630 1731 696 1769 ad„
716 1742 792 1763 ver-

124 1775 264 1816 eidigen,
282 1776 344 1807 den
365 1775 545 1807 Militareid
562 1776 700 1816 ablegen
720 1777 791 1808 las-

124 1831 195 1860 sen,
213 1831 239 1852 s.
257 1820 287 1862 3,
305 1820 357 1860 20,
378 1820 414 1859 3;
433 1820 488 1861 24,
506 1820 536 1862 8,
558 1821 607 1852 18.
622 1823 790 1853 —mina-

125 1867 230 1905 heris,
257 1865 294 1906 2,
324 1865 383 1905 583
408 1866 444 1907 4,
468 1866 522 1896 49.
541 1885 585 1889 —
603 1866 700 1908 quid,
723 1869 791 1898 si—

124 1913 260 1951 essetis,
297 1911 357 1942 der
394 1911 666 1951 ungewb'hnliche
702 1913 789 1943 Aus-

124 1956 227 1987 druck
265 1956 393 1987 scheint
425 1966 466 1987 zu
499 1956 677 1988 bedeuten:
721 1967 789 1988 was

124 2001 238 2033 wiirde
271 2005 343 2032 erst
374 2001 573 2042 gesehehen,
611 2011 706 2032 wenn
740 2003 791 2033 ihr

126 2047 215 2077 nicht
230 2065 253 2068 —
269 2046 392 2083 w'ziret3
411 2046 462 2077 die
481 2046 596 2078 beiden
615 2046 790 2078 Secessio-

126 2101 189 2122 nen
212 2091 316 2122 haben
341 2091 490 2132 gezeigt,
520 2092 596 2123 dass
626 2093 677 2124 ihr
702 2093 791 2124 nicht

125 2137 187 2167 den
214 2135 306 2167 Muth
335 2136 412 2167 habt
433 2136 685 2177 bescheidenen,
709 2138 791 2169 aber

125 2181 308 2212 beharrlich
324 2180 540 2222 behaupteten
552 2181 790 2223 Forderungen

125 2226 344 2258 Widerstand
360 2237 400 2257 zu
413 2226 548 2264 leisten3
569 2227 701 2268 Madvig
715 2238 791 2259 ver-

125 2271 231 2311 langt:
261 2270 359 2313 quid?
386 2281 453 2303 non
469 2290 491 2293 —
508 2274 589 2303 estis
612 2273 664 2304 od.
693 2274 793 2314 quasi

124 2317 316 2348 non—sitis.
335 2335 376 2339 ——
396 2316 598 2357 modestior,
616 2318 652 2356 3,
672 2317 713 2349 65
726 2343 734 2359 ,
759 2319 790 2350 7.

123 2380 167 2384 —
191 2362 349 2405 temptab.
377 2366 458 2401 etc„
488 2362 535 2393 sie
566 2363 700 2394 werden
730 2374 791 2395 nur

123 2408 328 2447 versuehen‚
358 2406 397 2438 ob
422 2407 474 2438 ihr
497 2407 590 2439 Muth
614 2408 707 2448 habt,
736 2407 795 2440 auf

126 2453 188 2483 den
212 2452 406 2483 wirklichen
423 2451 545 2494 Hanipf
564 2463 600 2484 es
628 2454 715 2484 nicht
731 2464 791 2485 an-

125 2497 274 2529 kommen
292 2497 413 2539 lassen,
437 2507 462 2528 S.
485 2497 535 2538 10,
554 2498 584 2538 8,
607 2498 657 2530 ll.

171 2542 246 2574 5-6.
276 2542 428 2582 redditis,
450 2553 477 2574 c.
497 2543 527 2581 4,
546 2543 576 2574 9.
593 2561 638 2566 —-
654 2554 791 2576 consor-

126 2588 183 2626 tio,
206 2587 333 2628 gleiche
352 2587 581 2627 Theilnahme3
601 2591 744 2621 societas
761 2600 789 2622 r.

126 2642 171 2676 p„
185 2631 318 2665 Antheil
335 2643 375 2664 an
391 2633 451 2665 der
464 2633 791 2676 Staatsverwaltung

863 1732 968 1772 Mag.,
986 1742 1081 1764 wenn
1096 1733 1238 1773 j'ahrlich
1255 1752 1278 1755 —
1296 1733 1478 1774 wechseln,
1503 1744 1531 1765 s.

864 1776 942 1808 Tac.
962 1778 1044 1809 Anu.
1064 1777 1099 1818 3,
1118 1777 1175 1808 28:
1193 1779 1288 1819 iura,
1312 1780 1385 1820 quis
1401 1789 1483 1821 pace
1499 1781 1532 1810 et

862 1825 1012 1866 principe
1034 1825 1221 1854 uteremur.
1240 1842 1282 1846 —
1300 1823 1376 1855 licet
1400 1824 1531 1855 bezieht

864 1868 932 1898 sich
957 1866 1015 1899 auf
1034 1868 1097 1899 den
1117 1867 1410 1908 Gesammtbegriff
1430 1870 1462 1900 in
1484 1871 1532 1900 ri-

863 1923 933 1944 cem
949 1923 1073 1956 parere
1089 1916 1154 1955 atq.
1174 1915 1392 1956 imperitare,
1410 1924 1450 1945 zu
1466 1924 1532 1956 pa-

862 1968 940 1990 rere
967 1959 1081 1989 wiirde
1106 1968 1141 1989 es
1166 1963 1260 1990 sonst
1282 1959 1370 1990 nicht
1397 1968 1529 2000 passen.

862 2022 905 2025 —
923 2005 967 2044 si,
987 2002 1023 2043 3,
1043 2003 1101 2044 67,
1121 2004 1151 2034 5.
1166 2005 1322 2046 —serte
1338 2016 1384 2043 s.,
1404 2003 1455 2043 33,
1476 2003 1530 2044 32,

864 2048 893 2080 3.
912 2067 957 2071 —
974 2052 1024 2080 esi
1045 2067 1067 2071 -
1089 2048 1175 2088 clai„
1202 2059 1237 2080 es
1268 2049 1332 2081 soll
1358 2049 1530 2081 Niemand.

861 2096 946 2125 —in
964 2104 1000 2126 re
1012 2094 1114 2137 publ„
1133 2104 1248 2134 wegen
1264 2096 1322 2126 des
1341 2094 1531 2135 gegeniiber

862 2139 1042 2179 gestellten
1065 2142 1098 2171 in
1120 2141 1254 2182 privata
1276 2140 1375 2171 sollte
1400 2149 1472 2171 man
1496 2141 1530 2171 in

861 2184 996 2227 publica
1018 2195 1056 2216 re
1079 2190 1263 2225 erwarten,
1292 2185 1391 2216 allein
1411 2184 1448 2216 L.
1475 2185 1531 2216 hat

862 2240 925 2261 von
952 2230 1009 2261 der
1031 2231 1280 2270 gewohnlichen
1301 2230 1531 2269 Bezeichnnng

862 2275 920 2306 des
937 2274 1070 2306 Staates
1084 2276 1174 2306 nicht
1190 2276 1381 2307 abweichen
1400 2275 1531 2316 wellen,

862 2321 929 2360 vgl.
949 2331 976 2352 c.
996 2320 1056 2361 60,
1076 2320 1112 2359 23
1133 2320 1193 2362 39,
1212 2321 1271 2361 40,
1291 2321 1322 2352 4.
1340 2339 1382 2343 ——
1400 2320 1528 2361 lzonorn,

863 2366 920 2396 das
938 2367 991 2398 ius
1008 2367 1186 2398 honorum.

908 2406 948 2442 6.
984 2411 997 2442 1
1014 2431 1036 2434 -
1049 2411 1080 2442 2.
1111 2414 1144 2443 in
1163 2413 1366 2449 contionem,
1392 2420 1451 2441 aus
1470 2410 1529 2442 der

864 2455 978 2493 Curie3
1008 2457 1075 2497 vgl.
1107 2456 1143 2496 2,
1170 2457 1204 2495 7,
1232 2456 1262 2487 7.
1280 2455 1529 2487 —aIIereatio-

861 2512 954 2542 uem,
973 2502 1093 2539 kurze,
1118 2501 1314 2541 schlagende
1335 2500 1445 2531 Reden
1466 2501 1529 2531 und

866 2546 1083 2587 Gegenreden
1096 2572 1103 2585 ,
1122 2547 1163 2577 im
1183 2546 1393 2585 Gegensatze
1413 2556 1453 2576 zu
1472 2546 1531 2576 der

862 2594 970 2624 oratio
987 2594 1167 2635 perpetua,
1190 2601 1214 2621 S.
1236 2591 1272 2630 8,
1297 2591 1357 2631 33,
1378 2589 1438 2628 1ος
1462 2590 1529 2623 Cic.

861 2637 953 2669 Brut.
971 2638 1031 2677 44,
1058 2636 1137 2675 1643
1162 2635 1273 2677 Quint.
1293 2635 1329 2675 2,
1352 2635 1389 2676 4,
1414 2635 1467 2668 28.
1486 2654 1530 2659 —
