1698 2864
135 215 161 234 a.
183 207 236 233 Ch.
259 207 321 232 449.
640 192 768 226 LIBER
792 192 846 226 111.
884 192 976 225 CAP.
996 193 1052 225 48.

1492 194 1542 232 95

135 301 323 340 submove
355 297 527 343 turbam,
556 300 593 334 et
619 296 666 334 da
693 296 793 334 viam
823 294 984 334 domino
1019 294 1064 333 ad
1094 294 1366 345 prendendum
1397 295 1544 334 manci—

134 358 278 409 pium.“
309 367 395 394 cum
423 354 516 392 haec
546 352 783 391 intonuisset
810 352 946 402 plenus
968 350 1057 397 irae,
1080 350 1284 389 multitudo
1307 351 1392 402 ipsa
1414 364 1455 390 se
1476 363 1544 390 sua

137 418 276 464 sponte
298 409 477 454 dimovit,
507 409 737 460 desertaque
764 408 905 458 praeda
931 406 1093 445 iniuriae
1123 407 1246 457 puella
1276 408 1411 446 stabat.
1458 413 1540 446 tum

135 467 348 519 Verginius,
369 466 435 505 ubi
457 465 551 504 nihil
572 477 736 516 usquam
759 464 887 503 auxilii
903 463 1008 510 vidit,
1031 475 1215 513 ,‚quaeSO,
1240 463 1390 513 “inquit
1407 464 1544 515 „Appi,

133 525 303 576 primum
338 523 495 574 ignosce
530 522 654 573 patrio
684 520 834 567 dolori,
862 519 894 558 si
931 532 1006 570 quo
1029 519 1297 558 inclementius
1320 520 1358 557 in
1390 524 1425 557 te
1456 532 1544 558 sum

133 582 330 627 invectus,
358 579 496 618 deinde
527 578 631 617 sinas
653 577 716 616 hic
755 589 886 615 coram
917 576 1064 626 virgine
1091 575 1281 614 nutricem
1313 576 1544 625 percontari,

133 637 223 688 quid
241 637 317 675 hoc
332 636 385 675 rei
403 635 462 681 sit,
483 640 537 681 ut,
561 635 593 673 si
610 634 707 673 falso
725 639 833 684 pater
851 633 975 672 dictus
993 645 1095 678 sum,
1114 631 1294 683 aequiore
1311 632 1401 670 hinc
1416 631 1544 670 animo

133 693 368 739 discedamff
405 692 491 730 data
508 691 615 730 venia
633 690 781 729 seducit
802 690 916 728 filiam
934 702 977 728 ae
998 689 1185 727 nutricem
1204 701 1327 739 prope
1344 688 1545 727 Cloacinae

132 750 178 789 ad
206 749 409 795 tabernas,
439 747 577 799 quibus
605 759 711 786 nunc
736 746 846 785 novis
876 751 936 785 est
962 757 1130 792 nomen,
1159 750 1273 795 atque
1300 744 1350 783 ibi
1380 744 1425 783 ab
1441 744 1543 783 lanio

133 806 254 845 cultro
288 810 440 856 arrepto
469 805 570 852 „hoc
603 809 639 843 te
667 815 746 842 uno
776 815 852 854 quo
882 806 1070 853 possum“
1101 802 1153 840 ait
1181 801 1349 848 „modo,
1382 801 1474 847 filia,
1504 800 1543 839 in

131 863 342 901 libertatem
383 861 577 900 vindico.“
632 865 767 911 pectus
802 859 940 898 deinde
973 858 1121 910 puellae
1159 857 1372 907 transfigit,
1408 869 1542 908 respe-

134 924 318 970 ctansque
339 919 384 957 ad
406 917 573 956 tribunal
594 921 699 964 ,‚te“,
721 916 847 966 inquit
863 915 999 969 ‚,Appi‚
1021 920 1207 965 tuumque
1225 919 1341 965 caput
1358 914 1543 964 sanguine

133 976 209 1014 hoc
249 978 477 1014 consecr0.‘⁴
532 974 699 1012 clamore
737 972 783 1011 ad
819 976 897 1010 tam
938 976 1047 1010 atrox
1085 971 1236 1009 facinus
1273 976 1358 1008 orto
1395 970 1539 1009 excitus

132 1030 282 1082 Appius
312 1029 528 1081 conprendi
558 1028 779 1079 Verginium
808 1028 925 1067 iubet.
973 1027 1032 1065 ille
1060 1026 1165 1065 ferro
1195 1038 1439 1077 quacumque
1466 1026 1545 1064 ibat

131 1087 230 1126 viam
260 1087 402 1132 facere,
433 1086 558 1125 donec
586 1084 831 1124 multitudine
859 1083 972 1122 etiam
996 1083 1316 1134 prosequentium
1338 1087 1470 1121 tuente
1497 1082 1544 1121 ad

131 1148 285 1195 portam
303 1142 481 1194 perrexit,
516 1142 643 1181 Icilius
662 1140 980 1191 Numitoriusque
996 1152 1168 1190 exangue
1186 1151 1328 1189 corpus
1348 1138 1539 1177 sublatum

133 1205 330 1239 ostentant
344 1200 509 1250 populo3
526 1198 652 1238 scelus
669 1197 781 1249 Appi,
799 1197 947 1248 puellae
963 1196 1154 1235 infelicem
1169 1196 1353 1241 formam,
1372 1195 1539 1233 necessi-

133 1262 250 1296 tatem
284 1256 403 1307 patris
440 1255 654 1306 deplorant.
701 1260 907 1305 sequentes
936 1253 1132 1292 clamitant
1159 1258 1379 1298 niatronae,
1408 1263 1544 1290 eamne

134 1313 346 1352 liberorum
381 1312 712 1363 procreandorum
746 1310 1035 1355 condicionem,
1064 1310 1112 1348 'ea
1140 1308 1344 1359 pudicitiae
1375 1308 1543 1359 praemia

134 1382 238 1416 esse,
262 1373 406 1412 cetera,
435 1381 531 1419 quae
564 1368 604 1406 in
626 1367 687 1406 tali
711 1379 752 1405 re
773 1366 968 1406 muliebris
1001 1366 1131 1413 dolor,
1162 1378 1236 1416 quo
1270 1370 1330 1403 est
1359 1364 1542 1403 maestior

134 1425 308 1464 inbecillo
336 1425 485 1471 anime,
509 1436 553 1463 eo
575 1423 805 1462 miserabilia
827 1422 948 1473 magis
971 1422 1221 1473 querentibus
1244 1421 1394 1459 subicit.
1438 1421 1541 1460 viro-

134 1494 222 1521 rum
253 1487 290 1520 et
316 1481 485 1520 maxime
513 1481 589 1519 Icili
620 1493 692 1519 vox
712 1484 793 1518 tota
813 1478 1039 1519 tribuniciae
1060 1479 1263 1530 potestatis
1287 1490 1330 1516 ac
1351 1490 1542 1529 provoca-

134 1582 177 1614 da
199 1584 287 1615 viam
310 1583 381 1614 hier
403 1583 466 1614 wie
479 1584 606 1625 faeere
627 1584 714 1614 viam
744 1592 802 1622 ge-

134 1628 287 1659 braucht:
307 1628 403 1666 offae,
422 1628 605 1659 verschafl'e
624 1627 684 1658 den
700 1626 801 1667 Weg,

133 1672 272 1713 Zugang
288 1683 371 1704 usw.
389 1691 433 1696 -—
453 1672 648 1717 prendend.,
672 1682 725 1703 um
749 1672 800 1703 die

133 1717 247 1750 ductio
265 1716 499 1750 auszuffihren.
520 1736 565 1740 —
587 1719 801 1760 mancipium,

133 1763 242 1794 dieses
266 1763 311 1795 ist
327 1763 486 1803 Verginia
504 1763 707 1803 wenigstens
725 1773 803 1794 vor—

132 1808 246 1848 l'ziulig.
265 1827 308 1831 —
324 1810 536 1849 intonuisset,
561 1808 619 1839 mit
636 1808 802 1839 donnern-

133 1854 193 1884 der
224 1853 361 1885 Stimme
395 1852 531 1894 gerufen
568 1855 669 1895 hatte,
702 1854 802 1884 daher

132 1899 222 1938 haec,
241 1904 337 1930 sonst
354 1899 398 1930 ist
414 1900 571 1930 intonare
587 1899 788 1929 intransitiv.

177 1943 255 1975 4-5.
280 1946 418 1986 ignosce
433 1962 455 1966 -
468 1946 573 1983 sina-5,
591 1943 658 1983 vgl.
674 1943 726 1980 21,
748 1943 800 1983 18,

136 1988 193 2021 12:
212 1990 360 2021 omittiie
384 1992 415 2020 et
430 2008 452 2011 —
466 1990 592 2032 pariat.
609 2007 654 2011 ———
672 1990 703 2020 si
723 1998 800 2030 quo,

134 2044 160 2064 s.
180 2033 234 2075 37,
252 2033 303 2076 52,
323 2034 356 2065 6:
380 2035 491 2076 siquo
514 2035 633 2077 possit,
655 2034 722 2073 vgl.
746 2033 800 2073 40,

134 2078 188 2118 26,
208 2078 237 2109 8.
260 2097 305 2101 -
331 2078 503 2111 Cloacinae
526 2090 556 2110 n.
580 2089 727 2121 sacrum,
750 2089 800 2110 am

135 2123 268 2164 Forum,
292 2134 318 2154 s.
337 2124 468 2155 Bekker
489 2124 515 2160 1,
540 2123 622 2163 3213
649 2124 803 2155 Cloacina

134 2169 178 2200 ist
196 2169 247 2200 ein
268 2169 418 2200 Beiname
436 2170 495 2199 der
506 2168 629 2211 Venus,
647 2168 731 2201 Plin.
750 2168 802 2210 15,

134 2212 189 2254 29,
211 2213 291 2245 119:
315 2216 363 2245 ita
388 2213 550 2253 traditur,
572 2217 706 2257 myrtea
727 2224 800 2246 ver-

134 2261 217 2291 bena
255 2258 426 2291 Homanos
463 2258 686 2301 Sabinosque,
726 2270 801 2291 cum

131 2307 274 2347 propter·
308 2308 426 2348 raptas
458 2306 609 2346 virgines
642 2304 803 2337 dimicare

134 2349 332 2390 voluissent,
356 2350 519 2393 depositis
542 2352 649 2381 armis
668 2360 802 2393 purga-

136 2398 186 2427 tos
209 2396 244 2426 in
268 2406 304 2426 eo
328 2395 408 2434 Ioco,
435 2396 492 2437 qui
507 2405 595 2426 nune
616 2396 717 2436 signa
733 2395 804 2428 Ve-

133 2441 227 2472 neris
252 2439 429 2472 Cluacinae
450 2441 558 2479 habet,
584 2440 694 2472 cluere
715 2443 803 2472 enim

133 2487 264 2527 antiqui
276 2496 429 2529 purgare
450 2486 613 2525 dicebant,
639 2496 665 2517 s.
694 2485 721 2525 1,
747 2485 801 2526 33,

134 2531 578 2565 52vielleichtffihrte1nan
597 2530 657 2562 auf
676 2531 725 2562 sie
749 2531 800 2563 die

134 2574 412 2617 Troekenlegung
441 2577 506 2608 und
533 2576 715 2616 Reinigung
741 2577 799 2608 des

135 2620 256 2653 Forum
290 2622 433 2659 zuriick;
476 2621 607 2654 Preller
638 2621 715 2653 356.
755 2641 798 2645 —

873 1591 962 1613 nune
979 1586 1054 1620 ete„
1075 1591 1101 1612 s.
1120 1580 1254 1612 Einleit.
1273 1580 1307 1611 S.
1327 1578 1357 1610 8.
1375 1597 1419 1602 -
1435 1581 1542 1619 novis,

874 1637 912 1658 an
931 1628 990 1658 der
1007 1626 1187 1658 Nordseite
1212 1626 1270 1656 des
1288 1624 1419 1665 Forum,
1445 1635 1470 1656 s.
1490 1624 1544 1665 27,

877 1672 927 1713 11,
948 1671 998 1703 16.
1020 1690 1058 1696 -
1076 1673 1208 1714 capuiq.
1227 1671 1272 1702 ist
1288 1670 1337 1701 als
1361 1670 1420 1701 der
1442 1670 1544 1701 wich-

873 1717 975 1757 tigste
990 1716 1097 1755 Theil,
1116 1727 1143 1748 s.
1162 1716 1215 1756 30,
1234 1715 1285 1755 20,
1314 1715 1341 1755 7,
1367 1725 1407 1746 zu
1431 1718 1462 1746 te
1484 1725 1543 1755 ge—

873 1761 956 1802 ffigt,
974 1762 1055 1793 auch
1071 1761 1147 1799 wol,
1167 1761 1244 1792 weil
1263 1761 1315 1791 die
1335 1758 1543 1791 Bennformel

874 1817 959 1838 war:
995 1810 1096 1849 caput
1124 1806 1266 1838 alicuius
1295 1815 1435 1836 sacrare
1464 1805 1544 1836 oder

873 1862 1083 1891 consecrare,
1103 1862 1129 1882 s.
1149 1862 1176 1882 c.
1196 1851 1249 1890 55,
1278 1850 1314 1883 7:
1339 1850 1370 1889 2,
1396 1850 1425 1889 S,
1450 1850 1480 1881 2.
1500 1869 1540 1872 -—

872 1899 1040 1939 sanguine
1057 1897 1102 1935 Ιι,,
1120 1897 1182 1927 wie
1196 1896 1276 1927 auch
1292 1900 1386 1926 sonst
1400 1895 1451 1926 die
1466 1905 1543 1926 cou—

873 1943 1019 1974 secratio
1036 1947 1135 1973 unter
1152 1942 1359 1973 bestimmten
1376 1940 1542 1980 Formeln,

872 1998 899 2019 s.
919 1987 1023 2029 Marq.
1040 1987 1071 2026 4,
1089 1986 1166 2026 229,
1191 1987 1255 2018 und
1274 1985 1398 2027 Opfern
1418 1985 1542 2025 erfolg-

872 2038 916 2074 te,
935 2043 962 2064 s.
984 2032 1034 2073 10,
1053 2031 1105 2063 38.

920 2123 996 2154 7-9.
1023 2123 1163 2165 infelic,
1181 2122 1231 2153 als
1250 2122 1300 2152 die
1321 2121 1465 2154 Ursache
1484 2121 1541 2152 des

875 2168 1054 2209 Ungliicks,
1084 2168 1163 2200 Tac.
1182 2168 1266 2198 Anu.
1294 2167 1324 2207 2,
1349 2167 1400 2198 75.
1425 2177 1542 2197 -ηε-

874 2216 1004 2254 cessit„
1039 2214 1090 2245 die
1116 2212 1344 2244 sebrecklicbe
1373 2211 1474 2251 Lage.
1499 2229 1543 2233 —

873 2260 1054 2297 clamitant,
1084 2258 1216 2290 absolut
1239 2268 1279 2288 zu
1304 2257 1459 2288 nehmcn:
1485 2256 1543 2287 der

873 2302 1027 2344 folgende
1053 2304 1215 2344 Fragsatz
1244 2303 1289 2333 ist
1318 2303 1406 2333 nicht
1435 2302 1539 2332 davon

873 2350 1051 2390 abh'a'ngig,
1093 2349 1167 2380 weil
1208 2359 1245 2380 er
1283 2352 1378 2379 sonst
1410 2347 1539 2378 heissen

874 2396 988 2426 wiirde
1006 2395 1068 2426 wie
1087 2405 1114 2426 c.
1133 2394 1186 2433 39,
1213 2393 1244 2431 9,
1268 2393 1334 2432 vgl.
1352 2392 1382 2431 4,
1407 2391 1460 2431 43,
1490 2391 1540 2422 10.

873 2458 917 2463 —
934 2443 1105 2478 maestior,
1126 2440 1162 2480 je
1185 2438 1329 2478 heftiger
1352 2438 1411 2468 der
1427 2438 1540 2467 iuuere

874 2485 1031 2517 Scbmerz
1050 2485 1169 2525 (dolor)
1189 2484 1238 2515 bei
1261 2485 1332 2514 dem
1353 2481 1483 2521 Mungel
1501 2491 1539 2511 an

873 2530 1235 2568 Selbstbeherrschung
1270 2526 1468 2566 (imbecillo)
1508 2526 1539 2556 in

875 2575 1016 2608 Worten
1036 2587 1067 2607 u.
1088 2576 1123 2607 A.
1148 2574 1356 2606 hervortrilt.
1382 2590 1421 2593 —
1448 2572 1540 2602 subi-

872 2624 927 2662 cit,
948 2622 976 2662 1,
996 2621 1048 2662 59,
1067 2621 1117 2651 11.
1136 2637 1180 2642 —-
1199 2621 1269 2650 tota
1288 2618 1376 2658 trib„
1401 2617 1539 2656 gebiirte

1573 415 1593 446 4

1574 696 1592 726 5

1571 978 1590 1009 6

1574 1149 1591 1180 7

1572 1260 1590 1293 8

1570 1431 1589 1463 9
