1698 2864
570 169 699 203 LIBER
715 170 757 206 V.
794 170 888 203 CAP.
907 170 961 203 48.
985 171 1041 203 49.

91 186 117 206 a.
140 178 193 207 ch.
215 181 276 206 390.
1417 172 1497 212 357
1550 164 1553 167 ’

90 272 256 312 obscure
273 271 388 312 Gallis
409 273 512 312 haud
533 285 672 324 magna
693 273 870 312 mercede
891 285 932 311 se
953 273 1090 312 adduci
1112 284 1242 324 posse,
1263 278 1306 312 ut
1323 273 1498 313 obsidio-

89 341 178 368 nem
199 328 428 381 relinquant.
462 334 545 369 tum
570 335 726 369 senatus
748 329 913 376 habitus,
929 329 1174 380 tribunisque
1190 329 1355 368 militum
1373 342 1495 381 nego·
1526 334 1545 366 8

89 385 186 424 tium
208 385 351 432 datum,
371 390 413 424 ut
431 385 732 436 paciscerentur.
769 385 858 424 inde
878 385 979 424 inter
1000 386 1044 432 Q.
1064 385 1273 436 Sulpicium
1295 386 1494 425 tribunum

89 441 254 480 militum
283 446 320 480 et
338 441 536 480 Brennum
562 442 737 492 regulum
760 441 955 480 Gallorum
985 442 1191 492 conloquio
1219 446 1411 481 transacta
1433 455 1496 482 res

90 502 160 544 est,
181 501 218 536 et
237 497 339 536 mille
359 498 491 548 pondo
513 499 595 537 auri
616 498 782 549 pretium
804 497 938 548 populi
963 497 1141 548 gentibus
1163 510 1255 536 mox
1272 499 1499 549 imperaturi

88 553 247 593 factum.
287 553 343 593 rei
369 554 619 594 foedissimae
647 567 718 605 per
744 567 786 593 se
812 554 954 593 adiecta
982 554 1190 604 indignitas
1219 560 1296 593 est:
1325 555 1498 605 pondera
1527 560 1548 591 9

90 609 136 650 ab
159 609 277 648 Gallis
299 609 421 649 adlata
441 610 585 661 iniqua,
607 616 644 649 et
663 610 819 650 tribuno
842 615 1046 649 recusante
1067 610 1219 649 additus
1241 611 1288 649 ab
1307 610 1498 650 insolente

92 665 199 705 Gallo
227 666 390 716 ponderi
417 666 586 717 gladius,
614 667 818 717 auditaque
839 666 1079 706 intoleranda
1101 666 1288 705 Romanis
1311 678 1402 713 vox,
1431 680 1500 706 vae

88 722 198 761 victis
223 723 349 772 [esse].

204 778 280 817 Sed
303 779 431 829 diique
452 783 490 818 et
509 779 690 818 homines
712 779 945 831 prohibuere
965 780 1191 830 redemptos
1212 779 1336 817 vivere
1351 780 1495 818 Roma-
1527 780 1582 821 49

89 846 178 873 nos.
219 847 308 874 nam
331 835 432 874 forte
455 835 619 886 quadam
642 835 867 887 priusquam
890 835 1046 875 infanda
1067 848 1215 874 merces
1238 836 1498 886 perficeretur,

89 903 159 942 per
186 890 474 930 altercationem
499 892 677 931 nondum
701 892 808 930 omni
830 905 924 931 auro
947 904 1121 943 appenso
1146 891 1309 931 dictator
1329 891 1497 931 interve-

88 947 159 994 nit⁷
182 947 401 998 auferrique
422 960 558 987 aurum
582 948 628 986 de
649 948 776 986 medio
800 953 836 987 et
852 948 980 987 Gallos
1002 948 1238 987 summoveri
1259 948 1376 986 iubet.
1413 961 1499 987 cum
1529 956 1548 988 2

89 1003 141 1042 illi
169 1004 377 1042 renitentes
407 1009 542 1054 pactos
572 1004 741 1043 dicerent
763 1017 868 1050 sese,
897 1009 1012 1054 negat
1033 1017 1115 1042 eam
1137 1004 1357 1054 pactionem
1378 1009 1499 1043 ratam

89 1072 189 1105 esse,
213 1071 323 1110 quae,
345 1064 557 1110 postquam
578 1060 663 1110 ipse
685 1060 849 1099 dictator
871 1065 1021 1098 creatus
1044 1065 1158 1106 esset,
1182 1060 1335 1099 iniussu
1357 1072 1428 1099 suo
1454 1059 1500 1098 ab

89 1115 284 1154 inferioris
306 1116 402 1155 iuris
425 1116 653 1167 magistratu
674 1116 773 1156 facta
796 1121 918 1163 esset3
946 1116 1223 1167 denuntiatque
1245 1115 1374 1162 Gallis,
1398 1120 1439 1154 ut
1460 1128 1502 1155 se

90 1240 148 1270 des
168 1238 344 1279 Camillus,
373 1239 458 1270 dann
490 1239 520 1270 in
545 1239 760 1270 verschiede-

89 1283 233 1316 Formen
258 1284 310 1315 die
335 1285 450 1315 immer
475 1284 647 1324 steigende
671 1283 758 1315 Noth

91 1330 150 1361 der
158 1329 357 1369 Belagerteu
372 1329 571 1369 dargestellt
584 1329 678 1370 wird,
693 1329 758 1360 alle

91 1373 259 1406 Momente
293 1384 496 1415 zusammen,
537 1374 663 1405 welche
696 1374 759 1405 den

88 1418 306 1458 Entschluss,
336 1419 404 1450 sich
436 1420 508 1449 dem
532 1419 757 1450 Aeussersten

88 1475 129 1496 zu
147 1462 246 1504 ffigen
266 1464 380 1495 herbei
405 1461 555 1503 fiihrten,
586 1464 651 1494 und
670 1464 760 1503 giebt

87 1509 120 1541 in
145 1509 216 1540 dem
239 1508 384 1549 letzten,
414 1508 531 1540 locker
553 1507 760 1550 angekniipf-

89 1553 286 1586 tenTheile:
304 1554 509 1585 iactantibus
527 1558 589 1585 etc.
608 1554 759 1594 zugleich

88 1600 151 1631 den
171 1598 286 1630 Grund
310 1609 368 1638 an,
399 1608 523 1630 warum
555 1599 612 1630 das
638 1598 762 1631 redimi

90 1644 233 1676 eintritt.
252 1663 295 1666 -—
310 1643 423 1687 pondo
441 1646 528 1683 auri,
547 1654 575 1675 c.
594 1643 647 1683 50,
667 1644 696 1675 7.

136 1688 168 1720 9.
194 1688 392 1730 indignitas,
406 1688 758 1728 unwiirdigessehand-

88 1734 179 1774 lung,
195 1745 222 1764 c.
239 1734 293 1774 45,
309 1734 347 1773 63
362 1733 451 1765 Fest.
466 1745 493 1775 p.
513 1733 594 1764 37-2:
609 1744 680 1765 vae
700 1744 718 1765 ι·
727 1736 758 1765 τ’·

88 1781 168 1811 ctis
192 1781 225 1810 in
248 1779 465 1822 proverbium
489 1781 619 1810 venisse
640 1780 760 1810 emisti-

87 1826 203 1855 matur
217 1834 291 1855 cum
308 1823 416 1855 Roma
429 1826 527 1866 capta
543 1822 759 1855 aSeuom'bns

90 1867 191 1901 Gallis
200 1879 325 1900 aurum
340 1879 384 1900 σω
392 1870 604 1900 conventione
617 1872 650 1900 et
659 1871 758 1912 pacto

87 1913 352 1956 adpenderetur,
378 1916 417 1945 ut
439 1913 648 1952 recederent,
671 1913 761 1955 quod

88 1959 213 2000 iniquis
232 1958 439 2001 ponderibus
468 1959 566 1999 exigi
593 1969 613 1989 a
639 1960 758 1990 barba-

87 2005 137 2035 ris
155 2006 312 2046 querente
324 2005 397 2046 Ap.
415 2002 587 2035 Claudio
602 2003 759 2035 Brennus

87 2059 153 2081 rea:
184 2047 354 2080 Gallorum
383 2047 427 2080 ad
456 2048 608 2091 pondera
636 2048 759 2080 adiecit

85 2092 243 2135 gladium
271 2096 304 2124 et
331 2092 420 2124 discit
447 2103 506 2124 vae
534 2094 650 2132 vz'cte's3
685 2104 758 2125 esse

87 2139 172 2170 wird
192 2138 222 2169 in
242 2138 314 2169 dem
333 2138 654 2179 spriicbwb'rtlicben
671 2139 758 2170 Aus—

91 2183 215 2215 drucke
233 2187 329 2214 sonst
347 2182 436 2213 nicht
454 2187 642 2222 zugesetzt.

134 2222 202 2260 49.
224 2227 251 2259 1.
270 2227 380 2269 diique
394 2230 436 2266 et,
451 2227 541 2268 c.45,
556 2227 594 2266 43
610 2227 662 2268 51,
674 2227 710 2266 33
726 2228 756 2267 4,

89 2272 278 2315 53,12.—
292 2274 430 2314 sarteq
435 2272 524 2310 aad„
545 2271 578 2313 1,
602 2272 638 2311 4,
664 2272 694 2303 4.
713 2290 756 2294 -—

88 2318 292 2361 redemptos,
310 2328 334 2348 s.
356 2328 382 2348 c.
401 2284 455 2357 5q,l
474 2316 504 2357 8,
517 2296 587 2356 vgl.
602 2316 632 2354 2,
653 2316 707 2356 34,
725 2316 754 2348 9

87 2381 132 2386 -
146 2363 386 2407 perficeretur,
410 2362 616 2401 vollstandig
634 2371 755 2401 ausge-

90 2409 182 2440 zahlt
198 2409 326 2439 wuide.
345 2426 389 2430 —
405 2408 542 2448 aufer-ri
557 2405 608 2446 de,
632 2405 684 2446 35,
702 2406 755 2444 40,

92 2454 105 2485 1
118 2453 213 2494 ‚.vgl
231 2454 267 2493 4,
285 2452 345 2491 33,
370 2452 401 2484 8.
434 2452 471 2483 L.
491 2450 575 2491 folgt
592 2452 652 2482 der
669 2430 754 2482 fiar-

89 2498 248 2538 stellung,
265 2497 391 2529 welche
406 2507 443 2528 er
457 2497 486 2527 in
506 2497 616 2527 seiner
628 2496 755 2537 patrio-

88 2544 215 2575 tiscben
233 2542 422 2582 Gesinnung
438 2540 491 2572 fiir
509 2541 560 2572 die
579 2541 756 2572 ehrenvol-

88 2589 159 2620 lere
177 2587 269 2629 hielt,
289 2598 329 2620 an
347 2588 400 2619 ihn
420 2586 576 2619 schliesst
593 2586 661 2618 sich
679 2585 756 2618 Plu-

832 1240 925 1270 tarch
939 1249 990 1270 an.
1017 1238 1237 1271 Unbestiinmt
1249 1239 1292 1269 ist
1310 1238 1361 1269 die
1379 1238 1502 1269 iilteste

831 1284 1022 1323 Nachricht,
1041 1284 1093 1315 die
1108 1284 1220 1315 dieser
1233 1283 1391 1314 mittheilt
1404 1294 1430 1314 c.
1442 1282 1501 1314 22:

832 1325 1084 1380 Ἀριστοτελης
1109 1327 1149 1360 δὲ
1179 1326 1196 1359 ὁ
1221 1325 1437 1381 φιλόσοφος
1460 1324 1501 1358 τὸ

830 1373 901 1417 μὲν
927 1371 1064 1406 ιὶλῶιαι
1090 1370 1155 1413 τὴι
1178 1371 1290 1404 πόλιι
1316 1370 1389 1424 {1316
1407 1373 1501 1405 Κελ-

831 1418 903 1452 τῶν
916 1416 1076 1470 ἀκριβῶς
1090 1415 1310 1469 ὃῆλόςέοτιι
1324 1414 1500 1459 ἁκηκοως,

832 1461 897 1497 τὸν
929 1462 969 1496 δὲ
1004 1460 1175 1496 σώσαντα
1208 1460 1373 1495 1εύκιον
1407 1468 1500 1495 εἰναι

834 1511 962 1550 φησίν.
1010 1509 1232 1540 Abweicbend
1261 1519 1324 1539 von
1355 1509 1414 1539 der
1442 1517 1500 1547 ge-

831 1554 1042 1585 wohnlichen
1076 1554 1272 1593 Erz'ahlung
1311 1553 1408 1584 stellt
1446 1553 1499 1583 die

832 1599 937 1630 Sache
956 1599 1015 1654 das
1038 1598 1154 1650 Polyb.
1174 1598 1209 1639 2,
1236 1597 1293 1629 22:
1318 1594 1410 1639 ιιετὰ
1436 1594 1501 1638 τὴν

831 1641 957 1695 μάχηι
990 1642 1026 1681 ἐξ
1056 1640 1201 1695 ἐφόδου
1235 1644 1417 1693 κατέσχον
1449 1641 1500 1681 (οἱ

833 1683 1502 1739 Ta2c21a1)avznvtmPalam-ysm-

831 1744 937 1785 μενοι
974 1732 1012 1765 δὲ
1046 1734 1105 1765 καὶ
1144 1733 1215 1764 τῶν
1255 1729 1428 1775 ὑπαρχότ
1432 1741 1502 1763 των

831 1775 1009 1811 &minam
1032 1777 1233 1830 ἐγκρατεῖς,
1262 1777 1322 1807 καὶ
1347 1777 1408 1816 τῆς
1431 1773 1501 1825 716-

833 1824 920 1859 λεως
949 1821 1059 1863 αὐτῆς
1085 1821 1179 1854 ἑπτα
1209 1820 1328 1865 ιιῆιας
1360 1818 1502 1871 κυριεύ-

834 1877 976 1907 σαντες,
1005 1869 1107 1903 τέλος
1127 1866 1259 1898 {eglom
1263 1866 1294 1896 τὶ
1318 1866 1378 1897 καὶ
1405 1875 1498 1917 μετα

824 1910 983 1964 γάοιτος
1007 1908 1215 1955 παραὸόι
1223 1921 1290 1946 τες
1312 1907 1388 1951 τὴν
1417 1907 1499 1942 πό-

832 1959 851 1990 ).
863 1971 871 1989 ι
883 1968 916 1999 ν,
936 1953 1145 2011 ἄθραυστοι
1159 1957 1218 1988 καὶ
1234 1953 1321 1987 ἄσιν
1324 1957 1383 1996 εἷς,
1400 1953 1500 1998 ἕχον·

832 2013 889 2038 τες
911 2002 975 2042 τὴ]
993 2000 1184 2045 ὠᾳέλειαν,
1209 2001 1260 2036 εἰς
1276 1997 1342 2041 τὴν
1360 2000 1500 2032 οἰκείαν

835 2047 930 2080 ἔνιαι
935 2048 1059 2089 ἦλθον.
1086 2046 1179 2077 Eben
1195 2056 1231 2077 so
1247 2045 1354 2085 wenig
1373 2045 1502 2076 erw'ah-

832 2103 895 2124 ncn
920 2062 1013 2123 Sluet.
1037 2091 1111 2123 Tib.
1138 2090 1174 2131 3,
1206 2090 1317 2129 Diod„
1348 2090 1499 2132 Dionys„

831 2138 990 2179 Polyaen.
1021 2136 1052 2176 8,
1077 2136 1162 2176 25‚1
1193 2136 1243 2166 die
1263 2135 1498 2166 Dazwischen-

831 2180 927 2214 kunst
940 2182 997 2212 des
1014 2180 1190 2218 Camillus3
1210 2180 1430 2220 L.selbst10‚
1448 2179 1496 2219 16,

831 2227 868 2265 63
889 2226 948 2265 22,
967 2226 1024 2265 59,
1046 2227 1062 2256 7
1082 2226 1219 2257 beriibrt
1237 2226 1287 2255 sie
1306 2225 1410 2263 nicht,
1428 2224 1496 2263 vgl.

831 2283 859 2303 c.
875 2271 929 2311 46,
946 2272 981 2310 73
1001 2271 1055 2308 50,
1071 2271 1108 2309 63
1128 2271 1180 2309 51,
1196 2269 1231 2301 8:
1250 2269 1383 2299 Andere
1398 2268 1497 2299 iiber-

830 2317 933 2356 gehen
953 2317 1014 2347 den
1033 2315 1190 2354 Ver-trag,
1211 2324 1236 2345 S.
1257 2313 1373 2344 Frout.
1391 2312 1492 2344 strat.

828 2361 859 2401 3,
881 2362 929 2401 15,
952 2361 964 2392 1
985 2361 1076 2399 u.A.‚
1094 2359 1160 2399 vgl.
1181 2358 1211 2397 6,
1233 2358 1284 2397 1-1,
1307 2357 1356 2389 12.
1390 2358 1494 2389 Brok-

827 2406 890 2438 ker
909 2406 982 2437 144.

874 2451 893 2482 2
906 2469 927 2473 -·
942 2450 972 2480 3.
1006 2450 1047 2480 ab
1066 2450 1130 2491 ins.
1148 2450 1189 2487 i.‚
1209 2448 1323 2479 sobald
1342 2448 1401 2478 der
1419 2447 1493 2478 Dic-

828 2501 917 2527 tator
937 2494 1082 2535 gewiiblt
1099 2495 1160 2531 ist,
1186 2493 1314 2524 kiinnen
1333 2493 1384 2524 die
1404 2491 1495 2523 iibri-

828 2551 889 2581 gen
910 2540 1125 2579 Magistrate,
1143 2539 1183 2569 da
1201 2539 1249 2569 sie
1268 2538 1320 2568 ein
1339 2538 1495 2577 geriuge-

828 2596 883 2618 res
901 2584 1071 2627 imperium
1089 2583 1210 2624 haben,
1235 2593 1297 2614 nur
1318 2582 1351 2614 in
1369 2582 1492 2614 seinem
