<?xml version="1.0" encoding="UTF-8"?>
<!DOCTYPE html PUBLIC "-//W3C//DTD XHTML 1.0 Transitional//EN"
    "http://www.w3.org/TR/xhtml1/DTD/xhtml1-transitional.dtd">
<html xmlns="http://www.w3.org/1999/xhtml" xml:lang="en" lang="en">
 <head>
  <title>
</title>
<meta http-equiv="Content-Type" content="text/html;charset=utf-8" />
  <meta name='ocr-system' content='tesseract 3.04.00' />
  <meta name='ocr-capabilities' content='ocr_page ocr_carea ocr_par ocr_line ocrx_word'/>
</head>
<body>
  <div class='ocr_page' id='page_1' title='image "./aburbeconditalib0102livyuoft_0853.png"; bbox 0 0 1698 2864; ppageno 0'>
   <div class='ocr_carea' id='block_1_1' title="bbox 0 175 243 202">
    <p class='ocr_par' dir='ltr' id='par_1_1' title="bbox 0 175 243 202">
     <span class='ocr_line' id='line_1_1' title="bbox 0 175 243 202; baseline -0.004 1"><span class='ocrx_word' id='word_1_1' title='bbox 0 185 2 187; x_wconf 93' lang='lat'>·</span> <span class='ocrx_word' id='word_1_2' title='bbox 58 184 84 202; x_wconf 82' lang='lat' dir='ltr'>a.</span> <span class='ocrx_word' id='word_1_3' title='bbox 106 176 160 202; x_wconf 89' lang='lat' dir='ltr'>Ch.</span> <span class='ocrx_word' id='word_1_4' title='bbox 181 175 243 202; x_wconf 82' lang='lat'>394.</span> 
     </span>
    </p>
   </div>
   <div class='ocr_carea' id='block_1_2' title="bbox 516 165 1464 208">
    <p class='ocr_par' dir='ltr' id='par_1_2' title="bbox 516 165 1464 208">
     <span class='ocr_line' id='line_1_2' title="bbox 516 165 1464 208; baseline 0.011 -10"><span class='ocrx_word' id='word_1_5' title='bbox 516 165 643 198; x_wconf 84' lang='lat' dir='ltr'>LIBER</span> <span class='ocrx_word' id='word_1_6' title='bbox 668 166 708 200; x_wconf 90' lang='lat' dir='ltr'>V.</span> <span class='ocrx_word' id='word_1_7' title='bbox 758 165 850 198; x_wconf 87' lang='lat' dir='ltr'>CAP.</span> <span class='ocrx_word' id='word_1_8' title='bbox 869 166 922 199; x_wconf 83' lang='lat'>28.</span> <span class='ocrx_word' id='word_1_9' title='bbox 942 167 996 199; x_wconf 87' lang='lat'>29.</span> <span class='ocrx_word' id='word_1_10' title='bbox 1383 168 1464 208; x_wconf 81' lang='grc'>319</span> 
     </span>
    </p>
   </div>
   <div class='ocr_carea' id='block_1_3' title="bbox 0 266 1531 1557">
    <p class='ocr_par' dir='ltr' id='par_1_3' title="bbox 0 266 1506 489">
     <span class='ocr_line' id='line_1_3' title="bbox 58 266 1464 319; baseline 0.001 -12"><span class='ocrx_word' id='word_1_11' title='bbox 58 269 156 307; x_wconf 89' lang='lat' dir='ltr'>citus</span> <span class='ocrx_word' id='word_1_12' title='bbox 185 267 324 306; x_wconf 89' lang='lat' dir='ltr'>merito</span> <span class='ocrx_word' id='word_1_13' title='bbox 346 280 388 306; x_wconf 90' lang='lat' dir='ltr'>se</span> <span class='ocrx_word' id='word_1_14' title='bbox 409 279 451 305; x_wconf 86' lang='lat' dir='ltr'>ea</span> <span class='ocrx_word' id='word_1_15' title='bbox 472 266 604 306; x_wconf 86' lang='lat' dir='ltr'>audire</span> <span class='ocrx_word' id='word_1_16' title='bbox 624 272 662 306; x_wconf 87' lang='lat' dir='ltr'>et</span> <span class='ocrx_word' id='word_1_17' title='bbox 680 267 790 307; x_wconf 85' lang='lat' dir='ltr'>fateri</span> <span class='ocrx_word' id='word_1_18' title='bbox 811 268 1024 307; x_wconf 88' lang='lat' dir='ltr'>admissum</span> <span class='ocrx_word' id='word_1_19' title='bbox 1046 269 1251 319; x_wconf 85' lang='lat' dir='ltr'>flagitium,</span> <span class='ocrx_word' id='word_1_20' title='bbox 1283 270 1351 309; x_wconf 89' lang='lat' dir='ltr'>sed</span> <span class='ocrx_word' id='word_1_21' title='bbox 1374 283 1464 309; x_wconf 90' lang='lat' dir='ltr'>eos-</span> 
     </span>
     <span class='ocr_line' id='line_1_4' title="bbox 55 324 1457 374; baseline 0.002 -11"><span class='ocrx_word' id='word_1_22' title='bbox 55 324 142 363; x_wconf 88' lang='lat' dir='ltr'>dem</span> <span class='ocrx_word' id='word_1_23' title='bbox 160 328 404 363; x_wconf 86' lang='lat' dir='ltr'>correcturos</span> <span class='ocrx_word' id='word_1_24' title='bbox 423 335 521 370; x_wconf 89' lang='lat' dir='ltr'>esse,</span> <span class='ocrx_word' id='word_1_25' title='bbox 538 335 662 374; x_wconf 88' lang='lat' dir='ltr'>neque</span> <span class='ocrx_word' id='word_1_26' title='bbox 681 324 907 363; x_wconf 86' lang='lat' dir='ltr'>diuturnum</span> <span class='ocrx_word' id='word_1_27' title='bbox 924 324 960 362; x_wconf 92' lang='lat' dir='ltr'>id</span> <span class='ocrx_word' id='word_1_28' title='bbox 978 325 1157 374; x_wconf 89' lang='lat' dir='ltr'>gaudium</span> <span class='ocrx_word' id='word_1_29' title='bbox 1171 325 1349 365; x_wconf 77' lang='lat' dir='ltr'>hostibus</span> <span class='ocrx_word' id='word_1_30' title='bbox 1361 327 1457 366; x_wconf 84' lang='lat' dir='ltr'>fore.</span> 
     </span>
     <span class='ocr_line' id='line_1_5' title="bbox 9 379 1506 432; baseline 0.001 -14"><span class='ocrx_word' id='word_1_31' title='bbox 9 411 11 414; x_wconf 96' lang='lat'>.</span> <span class='ocrx_word' id='word_1_32' title='bbox 54 386 281 432; x_wconf 87' lang='lat' dir='ltr'>poscentes,</span> <span class='ocrx_word' id='word_1_33' title='bbox 304 385 345 419; x_wconf 88' lang='lat' dir='ltr'>ut</span> <span class='ocrx_word' id='word_1_34' title='bbox 366 379 572 418; x_wconf 79' lang='lat' dir='ltr'><strong>confestim</strong></span> <span class='ocrx_word' id='word_1_35' title='bbox 594 380 682 418; x_wconf 91' lang='lat' dir='ltr'>inde</span> <span class='ocrx_word' id='word_1_36' title='bbox 703 381 750 418; x_wconf 88' lang='lat' dir='ltr'>ad</span> <span class='ocrx_word' id='word_1_37' title='bbox 772 387 893 419; x_wconf 79' lang='lat' dir='ltr'>castra</span> <span class='ocrx_word' id='word_1_38' title='bbox 915 380 1087 419; x_wconf 88' lang='lat' dir='ltr'>hostium</span> <span class='ocrx_word' id='word_1_39' title='bbox 1110 382 1267 420; x_wconf 90' lang='lat' dir='ltr'>duceret</span> <span class='ocrx_word' id='word_1_40' title='bbox 1287 406 1341 409; x_wconf 83' lang='lat'>—-</span> <span class='ocrx_word' id='word_1_41' title='bbox 1362 388 1399 422; x_wconf 87' lang='lat' dir='ltr'>et</span> <span class='ocrx_word' id='word_1_42' title='bbox 1419 384 1458 422; x_wconf 93' lang='lat' dir='ltr'>in</span> <span class='ocrx_word' id='word_1_43' title='bbox 1486 388 1506 420; x_wconf 84' lang='lat'>9</span> 
     </span>
     <span class='ocr_line' id='line_1_6' title="bbox 0 436 1458 489; baseline 0.002 -14"><span class='ocrx_word' id='word_1_44' title='bbox 0 486 1 489; x_wconf 10' lang='grc'>,</span> <span class='ocrx_word' id='word_1_45' title='bbox 55 442 268 488; x_wconf 85' lang='lat' dir='ltr'>conspectu</span> <span class='ocrx_word' id='word_1_46' title='bbox 297 440 405 474; x_wconf 85' lang='lat' dir='ltr'>erant</span> <span class='ocrx_word' id='word_1_47' title='bbox 430 436 556 486; x_wconf 87' lang='lat' dir='ltr'>posita</span> <span class='ocrx_word' id='word_1_48' title='bbox 584 436 623 474; x_wconf 90' lang='lat' dir='ltr'>in</span> <span class='ocrx_word' id='word_1_49' title='bbox 650 437 762 486; x_wconf 84' lang='lat' dir='ltr'>plano</span> <span class='ocrx_word' id='word_1_50' title='bbox 785 459 839 464; x_wconf 91' lang='lat'>——-</span> <span class='ocrx_word' id='word_1_51' title='bbox 860 436 953 474; x_wconf 87' lang='lat' dir='ltr'>nihil</span> <span class='ocrx_word' id='word_1_52' title='bbox 976 449 1125 487; x_wconf 85' lang='lat' dir='ltr'>poenae</span> <span class='ocrx_word' id='word_1_53' title='bbox 1146 438 1392 486; x_wconf 80' lang='lat' dir='ltr'>recusabant,</span> <span class='ocrx_word' id='word_1_54' title='bbox 1419 440 1458 478; x_wconf 91' lang='lat' dir='ltr'>ni</span> 
     </span>
    </p>

    <p class='ocr_par' dir='ltr' id='par_1_4' title="bbox 0 492 1529 1389">
     <span class='ocr_line' id='line_1_7' title="bbox 56 492 1529 546; baseline 0.001 -15"><span class='ocrx_word' id='word_1_55' title='bbox 56 505 98 531; x_wconf 88' lang='lat' dir='ltr'>ea</span> <span class='ocrx_word' id='word_1_56' title='bbox 126 498 212 532; x_wconf 88' lang='lat' dir='ltr'>ante</span> <span class='ocrx_word' id='word_1_57' title='bbox 241 497 394 531; x_wconf 86' lang='lat' dir='ltr'>noctem</span> <span class='ocrx_word' id='word_1_58' title='bbox 424 497 723 542; x_wconf 78' lang='lat' dir='ltr'>expugnassent.</span> <span class='ocrx_word' id='word_1_59' title='bbox 766 492 1018 531; x_wconf 79' lang='lat' dir='ltr'>conlaudatos</span> <span class='ocrx_word' id='word_1_60' title='bbox 1047 505 1211 543; x_wconf 85' lang='lat' dir='ltr'>corpora</span> <span class='ocrx_word' id='word_1_61' title='bbox 1235 507 1367 533; x_wconf 86' lang='lat' dir='ltr'>curare</span> <span class='ocrx_word' id='word_1_62' title='bbox 1389 508 1457 546; x_wconf 87' lang='lat' dir='ltr'>pa-</span> <span class='ocrx_word' id='word_1_63' title='bbox 1490 500 1529 532; x_wconf 87' lang='lat'>10</span> 
     </span>
     <span class='ocr_line' id='line_1_8' title="bbox 0 548 1458 602; baseline 0.002 -14"><span class='ocrx_word' id='word_1_64' title='bbox 0 576 2 578; x_wconf 34' lang='lat' dir='ltr'>v</span> <span class='ocrx_word' id='word_1_65' title='bbox 53 555 236 600; x_wconf 89' lang='lat' dir='ltr'>ratosque</span> <span class='ocrx_word' id='word_1_66' title='bbox 264 561 348 587; x_wconf 89' lang='lat' dir='ltr'>esse</span> <span class='ocrx_word' id='word_1_67' title='bbox 376 553 509 600; x_wconf 87' lang='lat' dir='ltr'>quarta</span> <span class='ocrx_word' id='word_1_68' title='bbox 535 548 657 599; x_wconf 82' lang='lat' dir='ltr'>vigilia</span> <span class='ocrx_word' id='word_1_69' title='bbox 679 548 795 587; x_wconf 91' lang='lat' dir='ltr'>iubet.</span> <span class='ocrx_word' id='word_1_70' title='bbox 836 554 873 587; x_wconf 86' lang='lat' dir='ltr'>et</span> <span class='ocrx_word' id='word_1_71' title='bbox 893 549 1046 594; x_wconf 90' lang='lat' dir='ltr'>hostes,</span> <span class='ocrx_word' id='word_1_72' title='bbox 1075 555 1306 588; x_wconf 76' lang='lat' dir='ltr'>nocturnam</span> <span class='ocrx_word' id='word_1_73' title='bbox 1328 551 1458 602; x_wconf 85' lang='lat' dir='ltr'>fugam</span> 
     </span>
     <span class='ocr_line' id='line_1_9' title="bbox 2 604 1458 657; baseline 0.001 -12"><span class='ocrx_word' id='word_1_74' title='bbox 2 631 5 645; x_wconf 68' lang='lat'><em>2</em></span> <span class='ocrx_word' id='word_1_75' title='bbox 54 618 100 644; x_wconf 83' lang='lat' dir='ltr'>ex</span> <span class='ocrx_word' id='word_1_76' title='bbox 125 609 275 644; x_wconf 90' lang='lat' dir='ltr'>tumulo</span> <span class='ocrx_word' id='word_1_77' title='bbox 297 605 563 643; x_wconf 87' lang='lat' dir='ltr'>Romanorum</span> <span class='ocrx_word' id='word_1_78' title='bbox 592 609 633 643; x_wconf 92' lang='lat' dir='ltr'>ut</span> <span class='ocrx_word' id='word_1_79' title='bbox 662 604 707 643; x_wconf 84' lang='lat' dir='ltr'>ab</span> <span class='ocrx_word' id='word_1_80' title='bbox 735 617 779 643; x_wconf 88' lang='lat' dir='ltr'>ea</span> <span class='ocrx_word' id='word_1_81' title='bbox 807 605 881 652; x_wconf 89' lang='lat' dir='ltr'>via,</span> <span class='ocrx_word' id='word_1_82' title='bbox 911 618 1007 656; x_wconf 89' lang='lat' dir='ltr'>quae</span> <span class='ocrx_word' id='word_1_83' title='bbox 1027 605 1174 644; x_wconf 87' lang='lat' dir='ltr'>ferebat</span> <span class='ocrx_word' id='word_1_84' title='bbox 1196 605 1458 657; x_wconf 80' lang='lat' dir='ltr'>Verruginem,</span> 
     </span>
     <span class='ocr_line' id='line_1_10' title="bbox 53 661 1460 712; baseline 0.001 -12"><span class='ocrx_word' id='word_1_85' title='bbox 53 662 316 707; x_wconf 81' lang='lat' dir='ltr'>excluderent,</span> <span class='ocrx_word' id='word_1_86' title='bbox 342 662 451 700; x_wconf 83' lang='lat' dir='ltr'>fuere</span> <span class='ocrx_word' id='word_1_87' title='bbox 480 661 596 709; x_wconf 72' lang='lat' dir='ltr'>obvii,</span> <span class='ocrx_word' id='word_1_88' title='bbox 626 661 892 712; x_wconf 84' lang='lat' dir='ltr'>proeliumque</span> <span class='ocrx_word' id='word_1_89' title='bbox 920 667 1007 700; x_wconf 86' lang='lat' dir='ltr'>ante</span> <span class='ocrx_word' id='word_1_90' title='bbox 1037 662 1159 700; x_wconf 90' lang='lat' dir='ltr'>lucem</span> <span class='ocrx_word' id='word_1_91' title='bbox 1190 685 1244 689; x_wconf 90' lang='lat'>——</span> <span class='ocrx_word' id='word_1_92' title='bbox 1273 664 1339 701; x_wconf 85' lang='lat' dir='ltr'>sed</span> <span class='ocrx_word' id='word_1_93' title='bbox 1371 664 1460 702; x_wconf 91' lang='lat' dir='ltr'>luna</span> 
     </span>
     <span class='ocr_line' id='line_1_11' title="bbox 51 718 1456 770; baseline 0.001 -14"><span class='ocrx_word' id='word_1_94' title='bbox 51 729 202 768; x_wconf 81' lang='lat' dir='ltr'>pernox</span> <span class='ocrx_word' id='word_1_95' title='bbox 228 723 309 756; x_wconf 89' lang='lat' dir='ltr'>erat</span> <span class='ocrx_word' id='word_1_96' title='bbox 329 741 384 744; x_wconf 82' lang='lat'>—</span> <span class='ocrx_word' id='word_1_97' title='bbox 406 718 660 756; x_wconf 88' lang='lat' dir='ltr'>commissum</span> <span class='ocrx_word' id='word_1_98' title='bbox 684 723 758 763; x_wconf 89' lang='lat' dir='ltr'>est,</span> <span class='ocrx_word' id='word_1_99' title='bbox 790 723 827 756; x_wconf 86' lang='lat' dir='ltr'>et</span> <span class='ocrx_word' id='word_1_100' title='bbox 848 718 946 756; x_wconf 88' lang='lat' dir='ltr'>haud</span> <span class='ocrx_word' id='word_1_101' title='bbox 969 718 1152 757; x_wconf 82' lang='lat' dir='ltr'>incertius</span> <span class='ocrx_word' id='word_1_102' title='bbox 1176 718 1315 757; x_wconf 86' lang='lat' dir='ltr'>diurno</span> <span class='ocrx_word' id='word_1_103' title='bbox 1339 732 1456 770; x_wconf 86' lang='lat' dir='ltr'>proe-</span> 
     </span>
     <span class='ocr_line' id='line_1_12' title="bbox 48 773 1527 825; baseline 0 -13"><span class='ocrx_word' id='word_1_104' title='bbox 48 773 144 813; x_wconf 89' lang='lat' dir='ltr'>lium</span> <span class='ocrx_word' id='word_1_105' title='bbox 164 774 248 812; x_wconf 81' lang='lat' dir='ltr'>fuit.</span> <span class='ocrx_word' id='word_1_106' title='bbox 291 774 359 812; x_wconf 86' lang='lat' dir='ltr'>sed</span> <span class='ocrx_word' id='word_1_107' title='bbox 383 774 527 813; x_wconf 89' lang='lat' dir='ltr'>clamor</span> <span class='ocrx_word' id='word_1_108' title='bbox 548 774 799 824; x_wconf 82' lang='lat' dir='ltr'>Verruginem</span> <span class='ocrx_word' id='word_1_109' title='bbox 824 774 1004 825; x_wconf 86' lang='lat' dir='ltr'>perlatus,</span> <span class='ocrx_word' id='word_1_110' title='bbox 1028 787 1113 813; x_wconf 92' lang='lat' dir='ltr'>cum</span> <span class='ocrx_word' id='word_1_111' title='bbox 1138 779 1260 813; x_wconf 88' lang='lat' dir='ltr'>castra</span> <span class='ocrx_word' id='word_1_112' title='bbox 1278 776 1455 816; x_wconf 85' lang='lat' dir='ltr'>Romana</span> <span class='ocrx_word' id='word_1_113' title='bbox 1489 781 1527 813; x_wconf 85' lang='grc'>11</span> 
     </span>
     <span class='ocr_line' id='line_1_13' title="bbox 51 830 1455 882; baseline 0.002 -14"><span class='ocrx_word' id='word_1_114' title='bbox 51 830 251 869; x_wconf 82' lang='lat' dir='ltr'>crederent</span> <span class='ocrx_word' id='word_1_115' title='bbox 272 831 508 881; x_wconf 85' lang='lat' dir='ltr'>oppugnari,</span> <span class='ocrx_word' id='word_1_116' title='bbox 530 835 681 869; x_wconf 85' lang='lat' dir='ltr'>tantum</span> <span class='ocrx_word' id='word_1_117' title='bbox 705 830 834 869; x_wconf 85' lang='lat' dir='ltr'>iniecit</span> <span class='ocrx_word' id='word_1_118' title='bbox 854 831 1026 881; x_wconf 87' lang='lat' dir='ltr'>pavoris,</span> <span class='ocrx_word' id='word_1_119' title='bbox 1049 836 1089 870; x_wconf 90' lang='lat' dir='ltr'>ut</span> <span class='ocrx_word' id='word_1_120' title='bbox 1110 831 1342 882; x_wconf 79' lang='lat' dir='ltr'>nequiquam</span> <span class='ocrx_word' id='word_1_121' title='bbox 1364 833 1455 871; x_wconf 85' lang='lat' dir='ltr'>reti-</span> 
     </span>
     <span class='ocr_line' id='line_1_14' title="bbox 49 886 1525 938; baseline -0.001 -13"><span class='ocrx_word' id='word_1_122' title='bbox 49 891 166 925; x_wconf 87' lang='lat' dir='ltr'>nente</span> <span class='ocrx_word' id='word_1_123' title='bbox 194 892 305 938; x_wconf 87' lang='lat' dir='ltr'>atque</span> <span class='ocrx_word' id='word_1_124' title='bbox 334 887 560 925; x_wconf 82' lang='lat' dir='ltr'>obsecrante</span> <span class='ocrx_word' id='word_1_125' title='bbox 582 886 741 925; x_wconf 88' lang='lat' dir='ltr'>Aemilio</span> <span class='ocrx_word' id='word_1_126' title='bbox 765 888 976 926; x_wconf 86' lang='lat' dir='ltr'>Tusculum</span> <span class='ocrx_word' id='word_1_127' title='bbox 1005 887 1118 938; x_wconf 84' lang='lat' dir='ltr'>palati</span> <span class='ocrx_word' id='word_1_128' title='bbox 1139 887 1326 938; x_wconf 85' lang='lat' dir='ltr'>fugerent.</span> <span class='ocrx_word' id='word_1_129' title='bbox 1368 888 1456 927; x_wconf 89' lang='lat' dir='ltr'>inde</span> <span class='ocrx_word' id='word_1_130' title='bbox 1486 892 1525 924; x_wconf 89' lang='lat'>12</span> 
     </span>
     <span class='ocr_line' id='line_1_15' title="bbox 47 942 1453 996; baseline 0.001 -15"><span class='ocrx_word' id='word_1_131' title='bbox 47 942 150 981; x_wconf 86' lang='lat' dir='ltr'>fama</span> <span class='ocrx_word' id='word_1_132' title='bbox 167 943 330 982; x_wconf 84' lang='lat' dir='ltr'>Romam</span> <span class='ocrx_word' id='word_1_133' title='bbox 353 943 494 994; x_wconf 83' lang='lat' dir='ltr'>perlata</span> <span class='ocrx_word' id='word_1_134' title='bbox 512 949 569 982; x_wconf 87' lang='lat' dir='ltr'>est</span> <span class='ocrx_word' id='word_1_135' title='bbox 585 943 830 982; x_wconf 88' lang='lat' dir='ltr'>Postumium</span> <span class='ocrx_word' id='word_1_136' title='bbox 848 944 1135 994; x_wconf 84' lang='lat' dir='ltr'>exercitumque</span> <span class='ocrx_word' id='word_1_137' title='bbox 1154 944 1339 983; x_wconf 86' lang='lat' dir='ltr'>occisum.</span> <span class='ocrx_word' id='word_1_138' title='bbox 1377 945 1453 996; x_wconf 88' lang='lat' dir='ltr'>qui,</span> 
     </span>
     <span class='ocr_line' id='line_1_16' title="bbox 48 999 1456 1050; baseline 0.001 -13"><span class='ocrx_word' id='word_1_139' title='bbox 48 999 113 1037; x_wconf 93' lang='lat' dir='ltr'>ubi</span> <span class='ocrx_word' id='word_1_140' title='bbox 134 999 258 1050; x_wconf 90' lang='lat' dir='ltr'>prima</span> <span class='ocrx_word' id='word_1_141' title='bbox 279 999 342 1037; x_wconf 85' lang='lat' dir='ltr'>lux</span> <span class='ocrx_word' id='word_1_142' title='bbox 363 1004 509 1038; x_wconf 89' lang='lat' dir='ltr'>metum</span> <span class='ocrx_word' id='word_1_143' title='bbox 527 999 755 1038; x_wconf 85' lang='lat' dir='ltr'>insidiarum</span> <span class='ocrx_word' id='word_1_144' title='bbox 772 1000 892 1037; x_wconf 84' lang='lat' dir='ltr'>effuse</span> <span class='ocrx_word' id='word_1_145' title='bbox 908 1000 1160 1050; x_wconf 87' lang='lat' dir='ltr'>sequentibus</span> <span class='ocrx_word' id='word_1_146' title='bbox 1179 1001 1344 1045; x_wconf 86' lang='lat' dir='ltr'>sustulit,</span> <span class='ocrx_word' id='word_1_147' title='bbox 1368 1013 1456 1039; x_wconf 86' lang='lat' dir='ltr'>cum</span> 
     </span>
     <span class='ocr_line' id='line_1_17' title="bbox 47 1054 1455 1106; baseline 0.001 -13"><span class='ocrx_word' id='word_1_148' title='bbox 47 1054 332 1106; x_wconf 86' lang='lat' dir='ltr'>perequitasset</span> <span class='ocrx_word' id='word_1_149' title='bbox 357 1056 474 1093; x_wconf 83' lang='lat' dir='ltr'>aciem</span> <span class='ocrx_word' id='word_1_150' title='bbox 506 1055 702 1105; x_wconf 83' lang='lat' dir='ltr'>promissa</span> <span class='ocrx_word' id='word_1_151' title='bbox 728 1060 926 1105; x_wconf 85' lang='lat' dir='ltr'>repetens,</span> <span class='ocrx_word' id='word_1_152' title='bbox 957 1060 1106 1094; x_wconf 88' lang='lat' dir='ltr'>tantum</span> <span class='ocrx_word' id='word_1_153' title='bbox 1135 1056 1263 1094; x_wconf 85' lang='lat' dir='ltr'>iniecit</span> <span class='ocrx_word' id='word_1_154' title='bbox 1291 1057 1455 1103; x_wconf 89' lang='lat' dir='ltr'>ardoris,</span> 
     </span>
     <span class='ocr_line' id='line_1_18' title="bbox 47 1111 1527 1162; baseline -0.001 -12"><span class='ocrx_word' id='word_1_155' title='bbox 47 1117 89 1150; x_wconf 91' lang='lat' dir='ltr'>ut</span> <span class='ocrx_word' id='word_1_156' title='bbox 109 1123 189 1150; x_wconf 92' lang='lat' dir='ltr'>non</span> <span class='ocrx_word' id='word_1_157' title='bbox 210 1111 306 1150; x_wconf 88' lang='lat' dir='ltr'>ultra</span> <span class='ocrx_word' id='word_1_158' title='bbox 325 1111 580 1150; x_wconf 82' lang='lat' dir='ltr'>sustinuerint</span> <span class='ocrx_word' id='word_1_159' title='bbox 596 1111 784 1162; x_wconf 87' lang='lat' dir='ltr'>impetum</span> <span class='ocrx_word' id='word_1_160' title='bbox 801 1112 932 1162; x_wconf 87' lang='lat' dir='ltr'>Aequi.</span> <span class='ocrx_word' id='word_1_161' title='bbox 970 1112 1094 1150; x_wconf 86' lang='lat' dir='ltr'>caedis</span> <span class='ocrx_word' id='word_1_162' title='bbox 1112 1111 1201 1150; x_wconf 89' lang='lat' dir='ltr'>inde</span> <span class='ocrx_word' id='word_1_163' title='bbox 1215 1112 1454 1162; x_wconf 85' lang='lat' dir='ltr'>fugientium,</span> <span class='ocrx_word' id='word_1_164' title='bbox 1487 1117 1527 1149; x_wconf 88' lang='lat'>13</span> 
     </span>
     <span class='ocr_line' id='line_1_19' title="bbox 49 1168 1456 1218; baseline 0.001 -12"><span class='ocrx_word' id='word_1_165' title='bbox 49 1168 170 1218; x_wconf 86' lang='lat' dir='ltr'>qualis</span> <span class='ocrx_word' id='word_1_166' title='bbox 198 1168 263 1206; x_wconf 91' lang='lat' dir='ltr'>ubi</span> <span class='ocrx_word' id='word_1_167' title='bbox 284 1169 339 1206; x_wconf 85' lang='lat' dir='ltr'>ira</span> <span class='ocrx_word' id='word_1_168' title='bbox 361 1168 482 1218; x_wconf 84' lang='lat' dir='ltr'>magiS</span> <span class='ocrx_word' id='word_1_169' title='bbox 504 1181 617 1218; x_wconf 86' lang='lat' dir='ltr'>quam</span> <span class='ocrx_word' id='word_1_170' title='bbox 640 1168 777 1206; x_wconf 88' lang='lat' dir='ltr'>virtute</span> <span class='ocrx_word' id='word_1_171' title='bbox 799 1180 859 1206; x_wconf 87' lang='lat' dir='ltr'>res</span> <span class='ocrx_word' id='word_1_172' title='bbox 884 1168 1048 1217; x_wconf 81' lang='lat' dir='ltr'>geritur,</span> <span class='ocrx_word' id='word_1_173' title='bbox 1079 1168 1124 1206; x_wconf 84' lang='lat' dir='ltr'>ad</span> <span class='ocrx_word' id='word_1_174' title='bbox 1148 1169 1358 1218; x_wconf 87' lang='lat' dir='ltr'>perniciem</span> <span class='ocrx_word' id='word_1_175' title='bbox 1381 1170 1456 1208; x_wconf 91' lang='lat' dir='ltr'>ho-</span> 
     </span>
     <span class='ocr_line' id='line_1_20' title="bbox 48 1224 1456 1276; baseline 0.001 -14"><span class='ocrx_word' id='word_1_176' title='bbox 48 1224 168 1263; x_wconf 87' lang='lat' dir='ltr'>stium</span> <span class='ocrx_word' id='word_1_177' title='bbox 193 1224 291 1263; x_wconf 86' lang='lat' dir='ltr'>facta</span> <span class='ocrx_word' id='word_1_178' title='bbox 318 1229 393 1270; x_wconf 69' lang='lat' dir='ltr'>est,</span> <span class='ocrx_word' id='word_1_179' title='bbox 420 1224 645 1274; x_wconf 86' lang='lat' dir='ltr'>tristemque</span> <span class='ocrx_word' id='word_1_180' title='bbox 667 1224 711 1262; x_wconf 87' lang='lat' dir='ltr'>ab</span> <span class='ocrx_word' id='word_1_181' title='bbox 734 1224 902 1263; x_wconf 84' lang='lat' dir='ltr'>Tusculo</span> <span class='ocrx_word' id='word_1_182' title='bbox 925 1225 1105 1263; x_wconf 89' lang='lat' dir='ltr'>nuntium</span> <span class='ocrx_word' id='word_1_183' title='bbox 1130 1225 1361 1276; x_wconf 82' lang='lat' dir='ltr'>nequiquam</span> <span class='ocrx_word' id='word_1_184' title='bbox 1386 1238 1456 1264; x_wconf 82' lang='lat' dir='ltr'>ex-</span> 
     </span>
     <span class='ocr_line' id='line_1_21' title="bbox 46 1280 1455 1328; baseline 0.001 -9"><span class='ocrx_word' id='word_1_185' title='bbox 46 1281 178 1320; x_wconf 86' lang='lat' dir='ltr'>territa</span> <span class='ocrx_word' id='word_1_186' title='bbox 206 1280 354 1319; x_wconf 83' lang='lat' dir='ltr'>civitate</span> <span class='ocrx_word' id='word_1_187' title='bbox 381 1281 525 1319; x_wconf 87' lang='lat' dir='ltr'>litterae</span> <span class='ocrx_word' id='word_1_188' title='bbox 546 1294 565 1319; x_wconf 85' lang='lat' dir='ltr'>a</span> <span class='ocrx_word' id='word_1_189' title='bbox 587 1281 788 1319; x_wconf 82' lang='lat' dir='ltr'>Postumio</span> <span class='ocrx_word' id='word_1_190' title='bbox 812 1281 1002 1319; x_wconf 87' lang='lat' dir='ltr'>laureatae</span> <span class='ocrx_word' id='word_1_191' title='bbox 1026 1286 1225 1328; x_wconf 84' lang='lat' dir='ltr'>secuntur,</span> <span class='ocrx_word' id='word_1_192' title='bbox 1256 1282 1455 1320; x_wconf 86' lang='lat' dir='ltr'>victoriam</span> 
     </span>
     <span class='ocr_line' id='line_1_22' title="bbox 46 1337 1166 1389; baseline -0.001 -13"><span class='ocrx_word' id='word_1_193' title='bbox 46 1337 179 1389; x_wconf 90' lang='lat' dir='ltr'>populi</span> <span class='ocrx_word' id='word_1_194' title='bbox 200 1337 367 1375; x_wconf 88' lang='lat' dir='ltr'>Romani</span> <span class='ocrx_word' id='word_1_195' title='bbox 388 1350 486 1382; x_wconf 86' lang='lat' dir='ltr'>esse,</span> <span class='ocrx_word' id='word_1_196' title='bbox 506 1338 730 1387; x_wconf 82' lang='lat' dir='ltr'>Aequorum</span> <span class='ocrx_word' id='word_1_197' title='bbox 753 1338 963 1376; x_wconf 85' lang='lat' dir='ltr'>exercitum</span> <span class='ocrx_word' id='word_1_198' title='bbox 986 1337 1166 1375; x_wconf 84' lang='lat' dir='ltr'>deletum.</span> 
     </span>
    </p>

    <p class='ocr_par' dir='ltr' id='par_1_5' title="bbox 160 1393 1531 1444">
     <span class='ocr_line' id='line_1_23' title="bbox 160 1393 1531 1444; baseline 0.001 -13"><span class='ocrx_word' id='word_1_199' title='bbox 160 1393 421 1432; x_wconf 89' lang='lat' dir='ltr'>Tribunorum</span> <span class='ocrx_word' id='word_1_200' title='bbox 444 1393 565 1444; x_wconf 89' lang='lat' dir='ltr'>plebis</span> <span class='ocrx_word' id='word_1_201' title='bbox 588 1394 758 1431; x_wconf 87' lang='lat' dir='ltr'>actiones</span> <span class='ocrx_word' id='word_1_202' title='bbox 781 1394 868 1444; x_wconf 82' lang='lat' dir='ltr'>quia</span> <span class='ocrx_word' id='word_1_203' title='bbox 890 1394 1064 1431; x_wconf 89' lang='lat' dir='ltr'>nondum</span> <span class='ocrx_word' id='word_1_204' title='bbox 1082 1393 1307 1432; x_wconf 82' lang='lat' dir='ltr'>invenerant</span> <span class='ocrx_word' id='word_1_205' title='bbox 1322 1394 1450 1441; x_wconf 88' lang='lat' dir='ltr'>finem,</span> <span class='ocrx_word' id='word_1_206' title='bbox 1478 1396 1531 1436; x_wconf 72' lang='grc'>29</span> 
     </span>
    </p>

    <p class='ocr_par' dir='ltr' id='par_1_6' title="bbox 45 1449 1454 1557">
     <span class='ocr_line' id='line_1_24' title="bbox 48 1449 1454 1500; baseline 0.001 -13"><span class='ocrx_word' id='word_1_207' title='bbox 48 1453 85 1488; x_wconf 83' lang='lat' dir='ltr'>et</span> <span class='ocrx_word' id='word_1_208' title='bbox 104 1449 211 1500; x_wconf 85' lang='lat' dir='ltr'>plebs</span> <span class='ocrx_word' id='word_1_209' title='bbox 240 1449 466 1488; x_wconf 83' lang='lat' dir='ltr'>continuare</span> <span class='ocrx_word' id='word_1_210' title='bbox 494 1449 681 1488; x_wconf 87' lang='lat' dir='ltr'>latoribus</span> <span class='ocrx_word' id='word_1_211' title='bbox 710 1450 803 1500; x_wconf 84' lang='lat' dir='ltr'>legis</span> <span class='ocrx_word' id='word_1_212' title='bbox 826 1449 1063 1488; x_wconf 89' lang='lat' dir='ltr'>tribunatum</span> <span class='ocrx_word' id='word_1_213' title='bbox 1087 1455 1124 1488; x_wconf 85' lang='lat' dir='ltr'>et</span> <span class='ocrx_word' id='word_1_214' title='bbox 1145 1454 1274 1500; x_wconf 86' lang='lat' dir='ltr'>patres</span> <span class='ocrx_word' id='word_1_215' title='bbox 1297 1450 1454 1489; x_wconf 87' lang='lat' dir='ltr'>reficere</span> 
     </span>
     <span class='ocr_line' id='line_1_25' title="bbox 45 1505 1454 1557; baseline 0.001 -13"><span class='ocrx_word' id='word_1_216' title='bbox 45 1505 323 1545; x_wconf 87' lang='lat' dir='ltr'>intercessores</span> <span class='ocrx_word' id='word_1_217' title='bbox 350 1505 444 1556; x_wconf 87' lang='lat' dir='ltr'>legis</span> <span class='ocrx_word' id='word_1_218' title='bbox 472 1505 596 1544; x_wconf 86' lang='lat' dir='ltr'>adnisi</span> <span class='ocrx_word' id='word_1_219' title='bbox 621 1510 732 1553; x_wconf 70' lang='lat' dir='ltr'>sunt,</span> <span class='ocrx_word' id='word_1_220' title='bbox 761 1506 827 1544; x_wconf 88' lang='lat' dir='ltr'>sed</span> <span class='ocrx_word' id='word_1_221' title='bbox 852 1506 938 1557; x_wconf 87' lang='lat' dir='ltr'>plus</span> <span class='ocrx_word' id='word_1_222' title='bbox 962 1506 1044 1545; x_wconf 88' lang='lat' dir='ltr'>suis</span> <span class='ocrx_word' id='word_1_223' title='bbox 1067 1506 1234 1544; x_wconf 89' lang='lat' dir='ltr'>comitiis</span> <span class='ocrx_word' id='word_1_224' title='bbox 1256 1506 1364 1557; x_wconf 84' lang='lat' dir='ltr'>plebs</span> <span class='ocrx_word' id='word_1_225' title='bbox 1385 1519 1454 1545; x_wconf 88' lang='lat' dir='ltr'>va-</span> 
     </span>
    </p>
   </div>
   <div class='ocr_carea' id='block_1_4' title="bbox 41 1640 714 2632">
    <p class='ocr_par' dir='ltr' id='par_1_7' title="bbox 42 1640 714 2303">
     <span class='ocr_line' id='line_1_26' title="bbox 91 1640 714 1683; baseline -0.002 -11"><span class='ocrx_word' id='word_1_226' title='bbox 91 1640 203 1672; x_wconf 87' lang='lat'>9—11.</span> <span class='ocrx_word' id='word_1_227' title='bbox 240 1640 442 1683; x_wconf 80' lang='lat' dir='ltr'>et—plano,</span> <span class='ocrx_word' id='word_1_228' title='bbox 469 1640 528 1681; x_wconf 90' lang='lat'>27,</span> <span class='ocrx_word' id='word_1_229' title='bbox 558 1641 592 1680; x_wconf 89' lang='lat'>1,</span> <span class='ocrx_word' id='word_1_230' title='bbox 617 1640 647 1672; x_wconf 84' lang='lat'>2.</span> <span class='ocrx_word' id='word_1_231' title='bbox 671 1660 714 1664; x_wconf 80' lang='lat'>—</span> 
     </span>
     <span class='ocr_line' id='line_1_27' title="bbox 45 1685 712 1728; baseline 0 -11"><span class='ocrx_word' id='word_1_232' title='bbox 45 1688 167 1727; x_wconf 79' lang='lat' dir='ltr'>quarta</span> <span class='ocrx_word' id='word_1_233' title='bbox 183 1696 222 1726; x_wconf 62' lang='grc' dir='ltr'>ιη,</span> <span class='ocrx_word' id='word_1_234' title='bbox 239 1695 343 1726; x_wconf 83' lang='lat' dir='ltr'>gegen</span> <span class='ocrx_word' id='word_1_235' title='bbox 358 1685 508 1726; x_wconf 85' lang='lat' dir='ltr'>Morgen.</span> <span class='ocrx_word' id='word_1_236' title='bbox 525 1687 712 1728; x_wconf 59' lang='lat' dir='ltr'>—fugmm</span> 
     </span>
     <span class='ocr_line' id='line_1_28' title="bbox 45 1730 713 1774; baseline 0.001 -13"><span class='ocrx_word' id='word_1_237' title='bbox 45 1741 71 1761; x_wconf 90' lang='lat' dir='ltr'>s.</span> <span class='ocrx_word' id='word_1_238' title='bbox 92 1730 123 1770; x_wconf 88' lang='lat'>3,</span> <span class='ocrx_word' id='word_1_239' title='bbox 147 1730 177 1771; x_wconf 92' lang='lat'>3,</span> <span class='ocrx_word' id='word_1_240' title='bbox 201 1731 232 1762; x_wconf 86' lang='lat'>4.</span> <span class='ocrx_word' id='word_1_241' title='bbox 250 1749 293 1753; x_wconf 79' lang='lat'>-</span> <span class='ocrx_word' id='word_1_242' title='bbox 311 1730 432 1762; x_wconf 62' lang='lat' dir='ltr'>diurno</span> <span class='ocrx_word' id='word_1_243' title='bbox 448 1741 519 1774; x_wconf 59' lang='lat' dir='ltr'>pra,</span> <span class='ocrx_word' id='word_1_244' title='bbox 543 1731 592 1762; x_wconf 86' lang='lat' dir='ltr'>als</span> <span class='ocrx_word' id='word_1_245' title='bbox 617 1742 713 1762; x_wconf 89' lang='lat' dir='ltr'>wenn</span> 
     </span>
     <span class='ocr_line' id='line_1_29' title="bbox 45 1774 714 1816; baseline 0.001 -10"><span class='ocrx_word' id='word_1_246' title='bbox 45 1776 103 1806; x_wconf 84' lang='lat' dir='ltr'>das</span> <span class='ocrx_word' id='word_1_247' title='bbox 122 1775 255 1807; x_wconf 87' lang='lat' dir='ltr'>Treffen</span> <span class='ocrx_word' id='word_1_248' title='bbox 274 1786 324 1806; x_wconf 83' lang='lat' dir='ltr'>am</span> <span class='ocrx_word' id='word_1_249' title='bbox 344 1775 433 1815; x_wconf 87' lang='lat' dir='ltr'>Tage</span> <span class='ocrx_word' id='word_1_250' title='bbox 451 1774 607 1816; x_wconf 81' lang='lat' dir='ltr'>geliefert</span> <span class='ocrx_word' id='word_1_251' title='bbox 624 1787 714 1807; x_wconf 87' lang='lat' dir='ltr'>wor-</span> 
     </span>
     <span class='ocr_line' id='line_1_30' title="bbox 45 1820 712 1861; baseline 0.003 -10"><span class='ocrx_word' id='word_1_252' title='bbox 45 1821 106 1852; x_wconf 85' lang='lat' dir='ltr'>den</span> <span class='ocrx_word' id='word_1_253' title='bbox 124 1820 234 1855; x_wconf 76' lang='lat' dir='ltr'>w&#39;aire:</span> <span class='ocrx_word' id='word_1_254' title='bbox 254 1821 398 1860; x_wconf 80' lang='lat' dir='ltr'>dagegen</span> <span class='ocrx_word' id='word_1_255' title='bbox 415 1820 492 1852; x_wconf 86' lang='lat' dir='ltr'>Tac.</span> <span class='ocrx_word' id='word_1_256' title='bbox 508 1821 591 1852; x_wconf 86' lang='lat' dir='ltr'>Hist.</span> <span class='ocrx_word' id='word_1_257' title='bbox 607 1821 637 1861; x_wconf 91' lang='lat'>3,</span> <span class='ocrx_word' id='word_1_258' title='bbox 652 1821 712 1854; x_wconf 86' lang='lat'>23:</span> 
     </span>
     <span class='ocr_line' id='line_1_31' title="bbox 43 1865 712 1907; baseline 0.001 -10"><span class='ocrx_word' id='word_1_259' title='bbox 43 1868 164 1898; x_wconf 76' lang='lat' dir='ltr'>neutro</span> <span class='ocrx_word' id='word_1_260' title='bbox 186 1865 406 1897; x_wconf 69' lang='lat' dir='ltr'>inclinaverat</span> <span class='ocrx_word' id='word_1_261' title='bbox 417 1867 586 1907; x_wconf 81' lang='lat' dir='ltr'>fortuna,</span> <span class='ocrx_word' id='word_1_262' title='bbox 609 1867 712 1899; x_wconf 85' lang='lat' dir='ltr'>donee</span> 
     </span>
     <span class='ocr_line' id='line_1_32' title="bbox 44 1910 712 1953; baseline 0.001 -11"><span class='ocrx_word' id='word_1_263' title='bbox 44 1910 160 1943; x_wconf 79' lang='lat' dir='ltr'>adulta</span> <span class='ocrx_word' id='word_1_264' title='bbox 182 1915 277 1943; x_wconf 77' lang='lat' dir='ltr'>nocte</span> <span class='ocrx_word' id='word_1_265' title='bbox 295 1911 373 1942; x_wconf 81' lang='lat' dir='ltr'>luna</span> <span class='ocrx_word' id='word_1_266' title='bbox 389 1922 538 1953; x_wconf 74' lang='lat' dir='ltr'>surgens</span> <span class='ocrx_word' id='word_1_267' title='bbox 556 1912 712 1944; x_wconf 75' lang='lat' dir='ltr'>ostende-</span> 
     </span>
     <span class='ocr_line' id='line_1_33' title="bbox 43 1956 713 1998; baseline 0.001 -10"><span class='ocrx_word' id='word_1_268' title='bbox 43 1959 98 1988; x_wconf 82' lang='lat' dir='ltr'>ret</span> <span class='ocrx_word' id='word_1_269' title='bbox 130 1957 220 1987; x_wconf 83' lang='lat' dir='ltr'>acies</span> <span class='ocrx_word' id='word_1_270' title='bbox 243 1956 465 1998; x_wconf 78' lang='lat' dir='ltr'>salleretque.</span> <span class='ocrx_word' id='word_1_271' title='bbox 489 1974 533 1979; x_wconf 89' lang='lat'>—</span> <span class='ocrx_word' id='word_1_272' title='bbox 556 1960 588 1988; x_wconf 74' lang='lat' dir='ltr'>et</span> <span class='ocrx_word' id='word_1_273' title='bbox 620 1957 713 1989; x_wconf 79' lang='lat' dir='ltr'>lzaud</span> 
     </span>
     <span class='ocr_line' id='line_1_34' title="bbox 45 2001 709 2040; baseline 0.002 -8"><span class='ocrx_word' id='word_1_274' title='bbox 45 2005 126 2040; x_wconf 86' lang='lat' dir='ltr'>etc.,</span> <span class='ocrx_word' id='word_1_275' title='bbox 150 2001 214 2032; x_wconf 89' lang='lat' dir='ltr'>und</span> <span class='ocrx_word' id='word_1_276' title='bbox 239 2011 275 2032; x_wconf 89' lang='lat' dir='ltr'>so</span> <span class='ocrx_word' id='word_1_277' title='bbox 300 2011 370 2032; x_wconf 85' lang='lat' dir='ltr'>war</span> <span class='ocrx_word' id='word_1_278' title='bbox 388 2002 440 2033; x_wconf 85' lang='lat' dir='ltr'>die</span> <span class='ocrx_word' id='word_1_279' title='bbox 459 2001 613 2033; x_wconf 89' lang='lat' dir='ltr'>Schlacht</span> <span class='ocrx_word' id='word_1_280' title='bbox 631 2013 709 2034; x_wconf 81' lang='lat' dir='ltr'>usw.</span> 
     </span>
     <span class='ocr_line' id='line_1_35' title="bbox 43 2045 710 2087; baseline 0.004 -11"><span class='ocrx_word' id='word_1_281' title='bbox 43 2063 88 2069; x_wconf 89' lang='lat'>——</span> <span class='ocrx_word' id='word_1_282' title='bbox 116 2045 178 2077; x_wconf 81' lang='lat' dir='ltr'>sed</span> <span class='ocrx_word' id='word_1_283' title='bbox 207 2050 289 2083; x_wconf 84' lang='lat' dir='ltr'>etc.,</span> <span class='ocrx_word' id='word_1_284' title='bbox 321 2046 470 2086; x_wconf 84' lang='lat' dir='ltr'>obgleich</span> <span class='ocrx_word' id='word_1_285' title='bbox 500 2047 573 2078; x_wconf 86' lang='lat' dir='ltr'>eine</span> <span class='ocrx_word' id='word_1_286' title='bbox 600 2047 710 2087; x_wconf 83' lang='lat' dir='ltr'>regel-</span> 
     </span>
     <span class='ocr_line' id='line_1_36' title="bbox 43 2090 710 2133; baseline 0.003 -11"><span class='ocrx_word' id='word_1_287' title='bbox 43 2091 186 2130; x_wconf 65' lang='lat' dir='ltr'>m&#39;aissige</span> <span class='ocrx_word' id='word_1_288' title='bbox 216 2090 371 2122; x_wconf 81' lang='lat' dir='ltr'>Schlacht</span> <span class='ocrx_word' id='word_1_289' title='bbox 399 2090 553 2131; x_wconf 85' lang='lat' dir='ltr'>geliefert</span> <span class='ocrx_word' id='word_1_290' title='bbox 584 2093 710 2133; x_wconf 87' lang='lat' dir='ltr'>wurde,</span> 
     </span>
     <span class='ocr_line' id='line_1_37' title="bbox 43 2135 711 2178; baseline 0.003 -11"><span class='ocrx_word' id='word_1_291' title='bbox 43 2135 178 2176; x_wconf 79' lang='lat' dir='ltr'>glaubte</span> <span class='ocrx_word' id='word_1_292' title='bbox 203 2145 292 2171; x_wconf 82' lang='lat' dir='ltr'>man,</span> <span class='ocrx_word' id='word_1_293' title='bbox 319 2136 376 2167; x_wconf 83' lang='lat' dir='ltr'>das</span> <span class='ocrx_word' id='word_1_294' title='bbox 394 2136 503 2176; x_wconf 85' lang='lat' dir='ltr'>Lager</span> <span class='ocrx_word' id='word_1_295' title='bbox 519 2138 631 2169; x_wconf 82' lang='lat' dir='ltr'>werde</span> <span class='ocrx_word' id='word_1_296' title='bbox 650 2148 711 2178; x_wconf 88' lang='lat' dir='ltr'>ge—</span> 
     </span>
     <span class='ocr_line' id='line_1_38' title="bbox 44 2180 709 2223; baseline 0.003 -11"><span class='ocrx_word' id='word_1_297' title='bbox 44 2181 176 2212; x_wconf 82' lang='lat' dir='ltr'>stiirmt.</span> <span class='ocrx_word' id='word_1_298' title='bbox 198 2199 243 2204; x_wconf 90' lang='lat'>—</span> <span class='ocrx_word' id='word_1_299' title='bbox 272 2180 470 2219; x_wconf 77' lang='lat' dir='ltr'>Tusculum,</span> <span class='ocrx_word' id='word_1_300' title='bbox 501 2182 563 2213; x_wconf 86' lang='lat' dir='ltr'>wie</span> <span class='ocrx_word' id='word_1_301' title='bbox 590 2181 624 2223; x_wconf 87' lang='lat'>3,</span> <span class='ocrx_word' id='word_1_302' title='bbox 655 2183 709 2214; x_wconf 86' lang='lat'>42.</span> 
     </span>
     <span class='ocr_line' id='line_1_39' title="bbox 42 2225 709 2268; baseline -0.001 -9"><span class='ocrx_word' id='word_1_303' title='bbox 42 2225 197 2267; x_wconf 84' lang='lat' dir='ltr'>Verrugo</span> <span class='ocrx_word' id='word_1_304' title='bbox 221 2226 348 2258; x_wconf 87' lang='lat' dir='ltr'>scheint</span> <span class='ocrx_word' id='word_1_305' title='bbox 366 2226 521 2258; x_wconf 83' lang='lat' dir='ltr'>verloren</span> <span class='ocrx_word' id='word_1_306' title='bbox 540 2237 709 2268; x_wconf 82' lang='lat' dir='ltr'>gegangen</span> 
     </span>
     <span class='ocr_line' id='line_1_40' title="bbox 42 2281 185 2303; baseline -0.007 0"><span class='ocrx_word' id='word_1_307' title='bbox 42 2282 84 2303; x_wconf 89' lang='lat' dir='ltr'>zu</span> <span class='ocrx_word' id='word_1_308' title='bbox 103 2281 185 2302; x_wconf 80' lang='lat' dir='ltr'>sein.</span> 
     </span>
    </p>

    <p class='ocr_par' dir='ltr' id='par_1_8' title="bbox 41 2315 711 2632">
     <span class='ocr_line' id='line_1_41' title="bbox 92 2315 711 2359; baseline 0 -11"><span class='ocrx_word' id='word_1_309' title='bbox 92 2315 144 2348; x_wconf 84' lang='lat'>12.</span> <span class='ocrx_word' id='word_1_310' title='bbox 182 2317 239 2359; x_wconf 79' lang='lat' dir='ltr'>qui</span> <span class='ocrx_word' id='word_1_311' title='bbox 260 2315 320 2348; x_wconf 83' lang='lat' dir='ltr'>auf</span> <span class='ocrx_word' id='word_1_312' title='bbox 339 2317 392 2348; x_wconf 85' lang='lat' dir='ltr'>die</span> <span class='ocrx_word' id='word_1_313' title='bbox 416 2317 646 2359; x_wconf 80' lang='lat' dir='ltr'>Hauptperson</span> <span class='ocrx_word' id='word_1_314' title='bbox 670 2328 711 2348; x_wconf 92' lang='lat' dir='ltr'>zu</span> 
     </span>
     <span class='ocr_line' id='line_1_42' title="bbox 41 2361 711 2403; baseline 0.001 -11"><span class='ocrx_word' id='word_1_315' title='bbox 41 2361 212 2393; x_wconf 81' lang='lat' dir='ltr'>beziehen.</span> <span class='ocrx_word' id='word_1_316' title='bbox 228 2379 272 2384; x_wconf 89' lang='lat'>—</span> <span class='ocrx_word' id='word_1_317' title='bbox 285 2364 500 2403; x_wconf 74' lang='lat' dir='ltr'>sequentibus</span> <span class='ocrx_word' id='word_1_318' title='bbox 516 2363 569 2401; x_wconf 85' lang='lat' dir='ltr'>ist,</span> <span class='ocrx_word' id='word_1_319' title='bbox 588 2363 625 2393; x_wconf 84' lang='lat' dir='ltr'>da</span> <span class='ocrx_word' id='word_1_320' title='bbox 641 2367 711 2394; x_wconf 86' lang='lat' dir='ltr'>erst</span> 
     </span>
     <span class='ocr_line' id='line_1_43' title="bbox 42 2407 710 2446; baseline 0.003 -9"><span class='ocrx_word' id='word_1_321' title='bbox 42 2407 187 2438; x_wconf 82' lang='lat' dir='ltr'>nachher</span> <span class='ocrx_word' id='word_1_322' title='bbox 222 2407 283 2438; x_wconf 87' lang='lat' dir='ltr'>der</span> <span class='ocrx_word' id='word_1_323' title='bbox 315 2407 418 2438; x_wconf 86' lang='lat' dir='ltr'>Feind</span> <span class='ocrx_word' id='word_1_324' title='bbox 453 2407 710 2446; x_wconf 84' lang='lat' dir='ltr'>znriickweicht,</span> 
     </span>
     <span class='ocr_line' id='line_1_44' title="bbox 42 2452 710 2493; baseline 0.003 -11"><span class='ocrx_word' id='word_1_325' title='bbox 42 2452 274 2493; x_wconf 81' lang='lat' dir='ltr'>hypothetiscb</span> <span class='ocrx_word' id='word_1_326' title='bbox 298 2463 339 2483; x_wconf 89' lang='lat' dir='ltr'>zu</span> <span class='ocrx_word' id='word_1_327' title='bbox 363 2453 518 2484; x_wconf 85' lang='lat' dir='ltr'>nehmen:</span> <span class='ocrx_word' id='word_1_328' title='bbox 543 2463 636 2483; x_wconf 85' lang='lat' dir='ltr'>wenn</span> <span class='ocrx_word' id='word_1_329' title='bbox 662 2453 710 2484; x_wconf 88' lang='lat' dir='ltr'>sie</span> 
     </span>
     <span class='ocr_line' id='line_1_45' title="bbox 41 2497 709 2539; baseline 0.003 -12"><span class='ocrx_word' id='word_1_330' title='bbox 41 2515 64 2518; x_wconf 96' lang='lat'><strong>—</strong></span> <span class='ocrx_word' id='word_1_331' title='bbox 82 2497 321 2537; x_wconf 83' lang='lat' dir='ltr'>nachriickten‚</span> <span class='ocrx_word' id='word_1_332' title='bbox 347 2508 373 2529; x_wconf 87' lang='lat' dir='ltr'>s.</span> <span class='ocrx_word' id='word_1_333' title='bbox 399 2498 432 2539; x_wconf 88' lang='lat'>1,</span> <span class='ocrx_word' id='word_1_334' title='bbox 457 2497 491 2535; x_wconf 81' lang='lat'>8,</span> <span class='ocrx_word' id='word_1_335' title='bbox 518 2499 552 2528; x_wconf 87' lang='lat'>5:</span> <span class='ocrx_word' id='word_1_336' title='bbox 572 2498 709 2529; x_wconf 72' lang='lat' dir='ltr'>deseen-</span> 
     </span>
     <span class='ocr_line' id='line_1_46' title="bbox 43 2541 707 2583; baseline 0.002 -10"><span class='ocrx_word' id='word_1_337' title='bbox 43 2541 213 2582; x_wconf 76' lang='lat' dir='ltr'>(Ientz&#39;bus3</span> <span class='ocrx_word' id='word_1_338' title='bbox 234 2542 264 2582; x_wconf 91' lang='lat'>7,</span> <span class='ocrx_word' id='word_1_339' title='bbox 286 2542 336 2583; x_wconf 83' lang='lat'>10,</span> <span class='ocrx_word' id='word_1_340' title='bbox 352 2542 387 2574; x_wconf 80' lang='lat'>6:</span> <span class='ocrx_word' id='word_1_341' title='bbox 402 2544 662 2574; x_wconf 62' lang='lat' dir='ltr'>aestimantibus</span> <span class='ocrx_word' id='word_1_342' title='bbox 675 2554 707 2575; x_wconf 89' lang='lat' dir='ltr'>u.</span> 
     </span>
     <span class='ocr_line' id='line_1_47' title="bbox 42 2586 709 2632; baseline 0.003 -14"><span class='ocrx_word' id='word_1_343' title='bbox 42 2586 84 2627; x_wconf 66' lang='lat' dir='ltr'>ii„</span> <span class='ocrx_word' id='word_1_344' title='bbox 102 2587 170 2628; x_wconf 84' lang='lat' dir='ltr'>vgl.</span> <span class='ocrx_word' id='word_1_345' title='bbox 187 2586 240 2627; x_wconf 89' lang='lat'>31,</span> <span class='ocrx_word' id='word_1_346' title='bbox 259 2587 318 2628; x_wconf 89' lang='lat'>42,</span> <span class='ocrx_word' id='word_1_347' title='bbox 338 2588 373 2620; x_wconf 84' lang='lat'>8:</span> <span class='ocrx_word' id='word_1_348' title='bbox 391 2589 709 2632; x_wconf 78' lang='lat' dir='ltr'>Athamanes—per</span> 
     </span>
    </p>
   </div>
   <div class='ocr_carea' id='block_1_5' title="bbox 780 1641 1455 2629">
    <p class='ocr_par' dir='ltr' id='par_1_9' title="bbox 781 1641 1455 2267">
     <span class='ocr_line' id='line_1_48' title="bbox 786 1641 1453 1682; baseline 0 -9"><span class='ocrx_word' id='word_1_349' title='bbox 786 1641 883 1673; x_wconf 76' lang='lat' dir='ltr'>calles</span> <span class='ocrx_word' id='word_1_350' title='bbox 912 1642 1048 1682; x_wconf 65' lang='lat' dir='ltr'>ignotas</span> <span class='ocrx_word' id='word_1_351' title='bbox 1072 1641 1290 1682; x_wconf 76' lang='lat' dir='ltr'>sequentibus</span> <span class='ocrx_word' id='word_1_352' title='bbox 1312 1652 1369 1672; x_wconf 76' lang='lat' dir='ltr'>eos</span> <span class='ocrx_word' id='word_1_353' title='bbox 1392 1642 1453 1674; x_wconf 64' lang='lat' dir='ltr'>leo·</span> 
     </span>
     <span class='ocr_line' id='line_1_49' title="bbox 786 1686 1455 1729; baseline 0 -12"><span class='ocrx_word' id='word_1_354' title='bbox 786 1688 895 1718; x_wconf 76' lang='lat' dir='ltr'>stibus</span> <span class='ocrx_word' id='word_1_355' title='bbox 915 1686 1169 1729; x_wconf 64' lang='lat' dir='ltr'>percluoeermzt3</span> <span class='ocrx_word' id='word_1_356' title='bbox 1196 1686 1235 1716; x_wconf 91' lang='lat' dir='ltr'>ob</span> <span class='ocrx_word' id='word_1_357' title='bbox 1259 1696 1293 1718; x_wconf 85' lang='lat' dir='ltr'>es</span> <span class='ocrx_word' id='word_1_358' title='bbox 1318 1697 1379 1717; x_wconf 85' lang='lat' dir='ltr'>von</span> <span class='ocrx_word' id='word_1_359' title='bbox 1402 1689 1455 1718; x_wconf 77' lang='grc' dir='ltr'>ἰη-</span> 
     </span>
     <span class='ocr_line' id='line_1_50' title="bbox 785 1730 1453 1773; baseline -0.001 -10"><span class='ocrx_word' id='word_1_360' title='bbox 785 1731 952 1763; x_wconf 75' lang='grc' dir='ltr'><em>εἰᾱιάνιιηι</em></span> <span class='ocrx_word' id='word_1_361' title='bbox 969 1732 1172 1771; x_wconf 62' lang='grc' dir='ltr'>ειδίιέἱοςῑςθν</span> <span class='ocrx_word' id='word_1_362' title='bbox 1191 1730 1298 1773; x_wconf 86' lang='lat' dir='ltr'>Dativ,</span> <span class='ocrx_word' id='word_1_363' title='bbox 1318 1732 1381 1762; x_wconf 84' lang='lat' dir='ltr'>wie</span> <span class='ocrx_word' id='word_1_364' title='bbox 1400 1731 1453 1769; x_wconf 87' lang='lat'>23,</span> 
     </span>
     <span class='ocr_line' id='line_1_51' title="bbox 786 1776 1452 1819; baseline 0.002 -13"><span class='ocrx_word' id='word_1_365' title='bbox 786 1776 845 1816; x_wconf 81' lang='lat'>35,</span> <span class='ocrx_word' id='word_1_366' title='bbox 866 1777 899 1807; x_wconf 78' lang='lat'>7:</span> <span class='ocrx_word' id='word_1_367' title='bbox 920 1778 1139 1819; x_wconf 63' lang='lat' dir='ltr'>ewprobratc&#39;o</span> <span class='ocrx_word' id='word_1_368' title='bbox 1157 1777 1328 1817; x_wconf 78' lang='lat' dir='ltr'>cuz&#39;quam3</span> <span class='ocrx_word' id='word_1_369' title='bbox 1349 1777 1378 1816; x_wconf 85' lang='lat'>5,</span> <span class='ocrx_word' id='word_1_370' title='bbox 1398 1776 1452 1817; x_wconf 87' lang='lat'>42,</span> 
     </span>
     <span class='ocr_line' id='line_1_52' title="bbox 786 1821 1451 1864; baseline 0.002 -12"><span class='ocrx_word' id='word_1_371' title='bbox 786 1821 821 1852; x_wconf 88' lang='lat'>3:</span> <span class='ocrx_word' id='word_1_372' title='bbox 845 1832 984 1860; x_wconf 51' lang='lat' dir='ltr'>cursam</span> <span class='ocrx_word' id='word_1_373' title='bbox 1008 1822 1044 1861; x_wconf 86' lang='grc'>4,</span> <span class='ocrx_word' id='word_1_374' title='bbox 1065 1821 1125 1859; x_wconf 77' lang='grc'>44,</span> <span class='ocrx_word' id='word_1_375' title='bbox 1147 1822 1181 1851; x_wconf 84' lang='lat'>5:</span> <span class='ocrx_word' id='word_1_376' title='bbox 1204 1832 1321 1863; x_wconf 77' lang='lat' dir='ltr'>preces</span> <span class='ocrx_word' id='word_1_377' title='bbox 1337 1832 1400 1864; x_wconf 86' lang='lat' dir='ltr'>pro</span> <span class='ocrx_word' id='word_1_378' title='bbox 1419 1832 1451 1853; x_wconf 90' lang='lat' dir='ltr'>u.</span> 
     </span>
     <span class='ocr_line' id='line_1_53' title="bbox 785 1866 1453 1906; baseline 0.001 -9"><span class='ocrx_word' id='word_1_379' title='bbox 785 1867 827 1906; x_wconf 58' lang='lat' dir='ltr'>a,</span> <span class='ocrx_word' id='word_1_380' title='bbox 847 1867 928 1897; x_wconf 88' lang='lat' dir='ltr'>oder</span> <span class='ocrx_word' id='word_1_381' title='bbox 944 1866 1008 1898; x_wconf 87' lang='lat' dir='ltr'>abl.</span> <span class='ocrx_word' id='word_1_382' title='bbox 1027 1867 1096 1897; x_wconf 85' lang='lat' dir='ltr'>abs.</span> <span class='ocrx_word' id='word_1_383' title='bbox 1112 1867 1165 1905; x_wconf 85' lang='lat' dir='ltr'>ist,</span> <span class='ocrx_word' id='word_1_384' title='bbox 1181 1866 1265 1897; x_wconf 70' lang='lat' dir='ltr'>liisst</span> <span class='ocrx_word' id='word_1_385' title='bbox 1277 1867 1346 1897; x_wconf 86' lang='lat' dir='ltr'>sich</span> <span class='ocrx_word' id='word_1_386' title='bbox 1362 1866 1453 1898; x_wconf 85' lang='lat' dir='ltr'>nicht</span> 
     </span>
     <span class='ocr_line' id='line_1_54' title="bbox 784 1912 1452 1949; baseline 0.001 -7"><span class='ocrx_word' id='word_1_387' title='bbox 784 1912 892 1943; x_wconf 88' lang='lat' dir='ltr'>sicher</span> <span class='ocrx_word' id='word_1_388' title='bbox 923 1912 1109 1949; x_wconf 79' lang='lat' dir='ltr'>erkennen3</span> <span class='ocrx_word' id='word_1_389' title='bbox 1140 1921 1176 1941; x_wconf 85' lang='lat' dir='ltr'>es</span> <span class='ocrx_word' id='word_1_390' title='bbox 1200 1912 1282 1942; x_wconf 85' lang='lat' dir='ltr'>wird</span> <span class='ocrx_word' id='word_1_391' title='bbox 1306 1912 1388 1943; x_wconf 83' lang='lat' dir='ltr'>auch</span> <span class='ocrx_word' id='word_1_392' title='bbox 1411 1913 1452 1943; x_wconf 89' lang='lat' dir='ltr'>ab</span> 
     </span>
     <span class='ocr_line' id='line_1_55' title="bbox 784 1959 1451 1999; baseline -0.001 -11"><span class='ocrx_word' id='word_1_393' title='bbox 784 1959 896 1998; x_wconf 70' lang='lat' dir='ltr'>effuse</span> <span class='ocrx_word' id='word_1_394' title='bbox 919 1968 986 1999; x_wconf 77' lang='lat' dir='ltr'>seq.</span> <span class='ocrx_word' id='word_1_395' title='bbox 1013 1967 1116 1987; x_wconf 86' lang='lat' dir='ltr'>verm.</span> <span class='ocrx_word' id='word_1_396' title='bbox 1139 1973 1183 1978; x_wconf 89' lang='lat'>—</span> <span class='ocrx_word' id='word_1_397' title='bbox 1204 1959 1387 1998; x_wconf 60' lang='lat' dir='ltr'>per-equit„</span> <span class='ocrx_word' id='word_1_398' title='bbox 1411 1966 1451 1987; x_wconf 79' lang='lat' dir='ltr'>an</span> 
     </span>
     <span class='ocr_line' id='line_1_56' title="bbox 782 2000 1452 2042; baseline -0.001 -9"><span class='ocrx_word' id='word_1_399' title='bbox 782 2003 842 2033; x_wconf 85' lang='lat' dir='ltr'>der</span> <span class='ocrx_word' id='word_1_400' title='bbox 860 2001 965 2033; x_wconf 89' lang='lat' dir='ltr'>Front</span> <span class='ocrx_word' id='word_1_401' title='bbox 981 2002 1045 2033; x_wconf 90' lang='lat' dir='ltr'>und</span> <span class='ocrx_word' id='word_1_402' title='bbox 1063 2002 1093 2032; x_wconf 88' lang='lat' dir='ltr'>in</span> <span class='ocrx_word' id='word_1_403' title='bbox 1112 2002 1173 2032; x_wconf 87' lang='lat' dir='ltr'>den</span> <span class='ocrx_word' id='word_1_404' title='bbox 1193 2000 1316 2032; x_wconf 82' lang='lat' dir='ltr'>Reihen</span> <span class='ocrx_word' id='word_1_405' title='bbox 1336 2001 1401 2041; x_wconf 84' lang='lat' dir='ltr'>hin,</span> <span class='ocrx_word' id='word_1_406' title='bbox 1421 2001 1452 2042; x_wconf 90' lang='grc'>6,</span> 
     </span>
     <span class='ocr_line' id='line_1_57' title="bbox 784 2046 1452 2089; baseline 0 -12"><span class='ocrx_word' id='word_1_407' title='bbox 784 2047 814 2087; x_wconf 91' lang='lat'>7,</span> <span class='ocrx_word' id='word_1_408' title='bbox 833 2046 862 2078; x_wconf 84' lang='lat'>3.</span> <span class='ocrx_word' id='word_1_409' title='bbox 877 2065 921 2070; x_wconf 87' lang='lat'><strong>—</strong></span> <span class='ocrx_word' id='word_1_410' title='bbox 935 2057 999 2089; x_wconf 81' lang='lat' dir='ltr'>qua</span> <span class='ocrx_word' id='word_1_411' title='bbox 1016 2058 1045 2078; x_wconf 92' lang='lat' dir='ltr'>n.</span> <span class='ocrx_word' id='word_1_412' title='bbox 1064 2057 1138 2078; x_wconf 77' lang='lat' dir='ltr'>esse</span> <span class='ocrx_word' id='word_1_413' title='bbox 1150 2046 1244 2078; x_wconf 77' lang='lat' dir='ltr'>solet.</span> <span class='ocrx_word' id='word_1_414' title='bbox 1257 2064 1301 2069; x_wconf 87' lang='lat'>—-</span> <span class='ocrx_word' id='word_1_415' title='bbox 1313 2057 1334 2077; x_wconf 85' lang='lat' dir='ltr'>a</span> <span class='ocrx_word' id='word_1_416' title='bbox 1348 2046 1452 2086; x_wconf 63' lang='lat' dir='ltr'>Post„</span> 
     </span>
     <span class='ocr_line' id='line_1_58' title="bbox 783 2091 1454 2133; baseline 0 -10"><span class='ocrx_word' id='word_1_417' title='bbox 783 2092 969 2133; x_wconf 81' lang='lat' dir='ltr'>attributiv,</span> <span class='ocrx_word' id='word_1_418' title='bbox 989 2092 1041 2132; x_wconf 91' lang='lat'>27,</span> <span class='ocrx_word' id='word_1_419' title='bbox 1061 2091 1114 2131; x_wconf 85' lang='lat'>39,</span> <span class='ocrx_word' id='word_1_420' title='bbox 1136 2091 1147 2122; x_wconf 90' lang='lat'>1</span> <span class='ocrx_word' id='word_1_421' title='bbox 1171 2102 1201 2122; x_wconf 94' lang='lat' dir='ltr'>u.</span> <span class='ocrx_word' id='word_1_422' title='bbox 1217 2101 1246 2123; x_wconf 82' lang='lat' dir='ltr'>a.</span> <span class='ocrx_word' id='word_1_423' title='bbox 1261 2091 1454 2123; x_wconf 78' lang='lat' dir='ltr'>—Iaurea-</span> 
     </span>
     <span class='ocr_line' id='line_1_59' title="bbox 784 2135 1452 2177; baseline -0.001 -8"><span class='ocrx_word' id='word_1_424' title='bbox 784 2140 853 2177; x_wconf 79' lang='lat' dir='ltr'>tae,</span> <span class='ocrx_word' id='word_1_425' title='bbox 877 2137 958 2168; x_wconf 90' lang='lat' dir='ltr'>Plin.</span> <span class='ocrx_word' id='word_1_426' title='bbox 982 2138 1037 2177; x_wconf 84' lang='lat'>15,</span> <span class='ocrx_word' id='word_1_427' title='bbox 1057 2136 1115 2176; x_wconf 84' lang='lat'>30,</span> <span class='ocrx_word' id='word_1_428' title='bbox 1137 2135 1217 2167; x_wconf 89' lang='lat'>133:</span> <span class='ocrx_word' id='word_1_429' title='bbox 1241 2136 1360 2168; x_wconf 76' lang='lat' dir='ltr'>laurus</span> <span class='ocrx_word' id='word_1_430' title='bbox 1383 2136 1452 2168; x_wconf 79' lang='lat' dir='ltr'>Ro-</span> 
     </span>
     <span class='ocr_line' id='line_1_60' title="bbox 781 2181 1450 2226; baseline -0.001 -12"><span class='ocrx_word' id='word_1_431' title='bbox 781 2184 891 2214; x_wconf 78' lang='lat' dir='ltr'>manis</span> <span class='ocrx_word' id='word_1_432' title='bbox 918 2184 1101 2226; x_wconf 77' lang='lat' dir='ltr'>praecipue</span> <span class='ocrx_word' id='word_1_433' title='bbox 1124 2181 1274 2213; x_wconf 76' lang='lat' dir='ltr'>laetitiae</span> <span class='ocrx_word' id='word_1_434' title='bbox 1292 2184 1450 2213; x_wconf 67' lang='lat' dir='ltr'>victoria-</span> 
     </span>
     <span class='ocr_line' id='line_1_61' title="bbox 781 2227 1347 2267; baseline -0.005 -7"><span class='ocrx_word' id='word_1_435' title='bbox 781 2238 922 2267; x_wconf 80' lang='lat' dir='ltr'>rumque</span> <span class='ocrx_word' id='word_1_436' title='bbox 939 2230 1059 2260; x_wconf 72' lang='lat' dir='ltr'>nuntia</span> <span class='ocrx_word' id='word_1_437' title='bbox 1075 2227 1213 2259; x_wconf 73' lang='lat' dir='ltr'>additur</span> <span class='ocrx_word' id='word_1_438' title='bbox 1228 2227 1347 2258; x_wconf 71' lang='lat' dir='ltr'>literis.</span> 
     </span>
    </p>

    <p class='ocr_par' dir='ltr' id='par_1_10' title="bbox 780 2269 1451 2629">
     <span class='ocr_line' id='line_1_62' title="bbox 828 2269 1451 2310; baseline -0.006 -5"><span class='ocrx_word' id='word_1_439' title='bbox 828 2269 895 2308; x_wconf 67' lang='lat'>29.</span> <span class='ocrx_word' id='word_1_440' title='bbox 933 2273 1018 2304; x_wconf 82' lang='lat'>1—2.</span> <span class='ocrx_word' id='word_1_441' title='bbox 1058 2274 1255 2304; x_wconf 75' lang='lat' dir='ltr'>invenerant</span> <span class='ocrx_word' id='word_1_442' title='bbox 1286 2272 1363 2310; x_wconf 81' lang='lat' dir='ltr'>geht</span> <span class='ocrx_word' id='word_1_443' title='bbox 1394 2269 1451 2302; x_wconf 79' lang='lat' dir='ltr'>auf</span> 
     </span>
     <span class='ocr_line' id='line_1_63' title="bbox 783 2318 1448 2359; baseline -0.005 -10"><span class='ocrx_word' id='word_1_444' title='bbox 783 2329 810 2349; x_wconf 91' lang='lat' dir='ltr'>c.</span> <span class='ocrx_word' id='word_1_445' title='bbox 836 2319 894 2359; x_wconf 82' lang='lat'>26,</span> <span class='ocrx_word' id='word_1_446' title='bbox 925 2318 944 2349; x_wconf 88' lang='grc'><strong><em>3</em></strong></span> <span class='ocrx_word' id='word_1_447' title='bbox 969 2318 1106 2349; x_wconf 77' lang='lat' dir='ltr'>zuriick.</span> <span class='ocrx_word' id='word_1_448' title='bbox 1130 2335 1169 2339; x_wconf 77' lang='lat'>-—</span> <span class='ocrx_word' id='word_1_449' title='bbox 1195 2319 1448 2356; x_wconf 68' lang='lat' dir='ltr'>intercessores,</span> 
     </span>
     <span class='ocr_line' id='line_1_64' title="bbox 783 2360 1450 2406; baseline -0.006 -11"><span class='ocrx_word' id='word_1_450' title='bbox 783 2374 810 2395; x_wconf 91' lang='lat' dir='ltr'>s.</span> <span class='ocrx_word' id='word_1_451' title='bbox 828 2363 848 2406; x_wconf 68' lang='grc' dir='ltr'><strong>ξ</strong></span> <span class='ocrx_word' id='word_1_452' title='bbox 868 2366 905 2403; x_wconf 84' lang='grc'>6;</span> <span class='ocrx_word' id='word_1_453' title='bbox 923 2375 951 2395; x_wconf 77' lang='grc' dir='ltr'>ο.</span> <span class='ocrx_word' id='word_1_454' title='bbox 970 2363 1022 2400; x_wconf 81' lang='lat'>25,</span> <span class='ocrx_word' id='word_1_455' title='bbox 1042 2362 1092 2393; x_wconf 90' lang='lat'>13.</span> <span class='ocrx_word' id='word_1_456' title='bbox 1107 2360 1450 2403; x_wconf 76' lang='lat' dir='ltr'>—1·efice1·e—adn1&#39;si</span> 
     </span>
     <span class='ocr_line' id='line_1_65' title="bbox 782 2405 1447 2448; baseline -0.005 -8"><span class='ocrx_word' id='word_1_457' title='bbox 782 2420 823 2448; x_wconf 79' lang='lat' dir='ltr'>s.‚</span> <span class='ocrx_word' id='word_1_458' title='bbox 842 2410 905 2440; x_wconf 85' lang='lat' dir='ltr'>wie</span> <span class='ocrx_word' id='word_1_459' title='bbox 924 2410 955 2447; x_wconf 82' lang='lat'>9,</span> <span class='ocrx_word' id='word_1_460' title='bbox 974 2409 1026 2446; x_wconf 83' lang='lat'>26,</span> <span class='ocrx_word' id='word_1_461' title='bbox 1049 2408 1104 2444; x_wconf 78' lang='lat'>153</span> <span class='ocrx_word' id='word_1_462' title='bbox 1128 2406 1177 2445; x_wconf 84' lang='lat'>10,</span> <span class='ocrx_word' id='word_1_463' title='bbox 1197 2405 1249 2443; x_wconf 84' lang='lat'>41,</span> <span class='ocrx_word' id='word_1_464' title='bbox 1270 2406 1298 2437; x_wconf 89' lang='lat'>7.</span> <span class='ocrx_word' id='word_1_465' title='bbox 1315 2424 1358 2428; x_wconf 97' lang='lat'>—</span> <span class='ocrx_word' id='word_1_466' title='bbox 1375 2408 1447 2437; x_wconf 75' lang='lat' dir='ltr'>suis</span> 
     </span>
     <span class='ocr_line' id='line_1_66' title="bbox 782 2450 1446 2495; baseline -0.009 -9"><span class='ocrx_word' id='word_1_467' title='bbox 782 2464 824 2495; x_wconf 83' lang='lat' dir='ltr'>c.,</span> <span class='ocrx_word' id='word_1_468' title='bbox 849 2456 908 2486; x_wconf 87' lang='lat' dir='ltr'>der</span> <span class='ocrx_word' id='word_1_469' title='bbox 926 2454 1056 2485; x_wconf 88' lang='lat' dir='ltr'>Grund:</span> <span class='ocrx_word' id='word_1_470' title='bbox 1081 2452 1110 2482; x_wconf 89' lang='lat' dir='ltr'>in</span> <span class='ocrx_word' id='word_1_471' title='bbox 1131 2450 1266 2490; x_wconf 84' lang='lat' dir='ltr'>Comit.,</span> <span class='ocrx_word' id='word_1_472' title='bbox 1291 2451 1320 2481; x_wconf 90' lang='lat' dir='ltr'>in</span> <span class='ocrx_word' id='word_1_473' title='bbox 1341 2451 1446 2481; x_wconf 88' lang='lat' dir='ltr'>denen</span> 
     </span>
     <span class='ocr_line' id='line_1_67' title="bbox 780 2495 1447 2537; baseline -0.007 -6"><span class='ocrx_word' id='word_1_474' title='bbox 780 2500 828 2530; x_wconf 83' lang='lat' dir='ltr'>sie</span> <span class='ocrx_word' id='word_1_475' title='bbox 853 2501 910 2531; x_wconf 84' lang='lat' dir='ltr'>das</span> <span class='ocrx_word' id='word_1_476' title='bbox 930 2496 1182 2537; x_wconf 84' lang='lat' dir='ltr'>Uebergewicht</span> <span class='ocrx_word' id='word_1_477' title='bbox 1206 2496 1260 2526; x_wconf 82' lang='lat' dir='ltr'>hat</span> <span class='ocrx_word' id='word_1_478' title='bbox 1279 2496 1381 2534; x_wconf 87' lang='lat' dir='ltr'>(nicht</span> <span class='ocrx_word' id='word_1_479' title='bbox 1397 2495 1447 2526; x_wconf 85' lang='lat' dir='ltr'>als</span> 
     </span>
     <span class='ocr_line' id='line_1_68' title="bbox 781 2540 1449 2580; baseline -0.009 -4"><span class='ocrx_word' id='word_1_480' title='bbox 781 2544 821 2575; x_wconf 88' lang='lat' dir='ltr'>ob</span> <span class='ocrx_word' id='word_1_481' title='bbox 839 2546 891 2576; x_wconf 87' lang='lat' dir='ltr'>die</span> <span class='ocrx_word' id='word_1_482' title='bbox 911 2543 1072 2576; x_wconf 79' lang='lat' dir='ltr'>Patricier</span> <span class='ocrx_word' id='word_1_483' title='bbox 1088 2540 1362 2580; x_wconf 73' lang='lat' dir='ltr'>ausgeschlossen</span> <span class='ocrx_word' id='word_1_484' title='bbox 1381 2541 1449 2571; x_wconf 56' lang='lat' dir='ltr'>wli-</span> 
     </span>
     <span class='ocr_line' id='line_1_69' title="bbox 781 2585 1447 2629; baseline -0.006 -9"><span class='ocrx_word' id='word_1_485' title='bbox 781 2600 856 2629; x_wconf 86' lang='lat' dir='ltr'>ren,</span> <span class='ocrx_word' id='word_1_486' title='bbox 877 2601 903 2622; x_wconf 90' lang='lat' dir='ltr'>s.</span> <span class='ocrx_word' id='word_1_487' title='bbox 923 2600 951 2620; x_wconf 91' lang='lat' dir='ltr'>c.</span> <span class='ocrx_word' id='word_1_488' title='bbox 970 2588 1028 2629; x_wconf 82' lang='lat'>30,</span> <span class='ocrx_word' id='word_1_489' title='bbox 1047 2587 1085 2627; x_wconf 83' lang='lat'>4)</span> <span class='ocrx_word' id='word_1_490' title='bbox 1105 2586 1253 2618; x_wconf 85' lang='lat' dir='ltr'>erhalten</span> <span class='ocrx_word' id='word_1_491' title='bbox 1272 2586 1324 2617; x_wconf 86' lang='lat' dir='ltr'>die</span> <span class='ocrx_word' id='word_1_492' title='bbox 1342 2585 1447 2616; x_wconf 83' lang='lat' dir='ltr'>inter-</span> 
     </span>
    </p>
   </div>
  </div>
 </body>
</html>
