1698 2864
152 152 233 191 3234
628 149 754 182 [ABER
771 149 808 183 11.
857 149 950 183 CAP.
967 151 1020 182 54.
1415 166 1438 184 a.
1459 166 1486 184 u.
1507 160 1566 184 281.

152 253 308 304 lemque
329 252 463 290 sellam
485 251 582 291 nihil
604 252 705 291 aliud
727 264 844 303 quam
873 263 1059 303 pompam
1089 249 1239 289 funeris
1260 254 1421 301 putent3
1451 250 1562 288 claris

105 315 125 343 5
152 308 372 359 insignibus
395 309 501 347 velut
517 308 651 347 infulis
668 309 813 347 velatos
825 308 872 346 ad
889 312 1059 346 mortem
1076 306 1276 346 destinari.
1300 306 1405 357 quod
1419 305 1452 344 si
1468 318 1563 345 con-

149 365 298 403 sulatus
320 369 430 403 tanta
453 365 618 404 dulcedo
637 365 698 411 sit,
716 365 793 403 iam
810 369 906 402 tunc
922 363 975 401 ita
991 363 1031 401 in
1049 363 1227 402 animum
1248 362 1450 408 inducant,
1467 374 1569 401 con-

150 422 322 460 sulatum
345 427 501 472 captum
523 426 561 460 et
583 433 815 472 oppressum
837 419 883 458 ab
906 419 1115 458 tribunicia
1132 424 1323 470 potestate
1341 431 1447 466 esse3
1470 431 1565 457 con-

151 477 236 522 suli,
259 477 362 516 velut
383 477 596 529 apparitori
617 476 846 520 tribunicio,
878 476 1010 514 omnia
1043 476 1091 514 ad
1113 480 1256 514 nutum
1275 475 1565 526 imperiumque

105 538 124 565 ⁴·-
152 533 302 573 tribuni
324 535 473 584 agenda
495 546 602 579 esse3
635 534 665 571 si
695 545 736 571 se
765 532 1041 579 commoverit,
1069 532 1102 572 si
1130 532 1348 583 respexerit
1370 537 1511 583 patres,
1535 532 1566 571 si

152 590 256 630 aliud
285 602 401 641 quam
432 590 586 641 plebem
616 601 702 628 esse
730 588 771 626 in
799 599 842 626 re
872 588 1025 639 publica
1055 588 1284 635 crediderit,
1315 588 1473 627 exilium
1496 588 1565 627 Cn.

152 646 298 691 Marcii,
320 646 487 685 Menenii
505 645 802 684 damnationem
820 650 857 683 et
873 650 1043 683 mortem
1060 645 1132 684 sibi
1150 650 1346 696 proponat
1363 651 1455 683 ante
1470 657 1566 683 ocu-

150 703 222 742 los.
264 703 325 741 his
348 703 502 741 accensi
525 701 684 740 vocibus
706 706 838 752 patres
860 701 1019 739 consilia
1040 701 1133 740 inde
1154 713 1236 740 non
1258 701 1410 751 publica
1431 701 1501 739 sed
1523 700 1565 739 in

149 760 296 811 privato
328 759 570 809 seductaque
596 771 616 797 a
646 757 818 809 plurium
840 757 1081 797 conscientia
1102 757 1284 796 habuere.
1326 756 1394 795 ubi
1415 769 1504 795 cum
1527 757 1562 795 id

150 816 267 855 modo
291 819 498 859 constaret,
521 814 606 853 iure
628 827 677 852 an
699 813 839 852 iniuria
860 814 1085 865 eripiendos
1108 827 1191 853 esse
1201 826 1302 861 reos,
1321 813 1565 852 atrocissima

149 885 327 923 quaeque
349 871 519 909 maxime
541 871 718 921 placebat
738 871 932 909 sententia
946 901 954 917 ,
978 883 1052 909 nec
1073 876 1210 909 auctor
1231 870 1408 921 quamvis
1431 870 1562 908 audaci

105 928 124 958 ὅ
150 928 315 967 facinori
337 928 480 966 deerat.
523 926 642 978 igitur
663 927 796 965 iudicii
817 927 898 972 die,
929 939 1016 965 cum
1040 927 1151 978 plebs
1173 926 1215 965 in
1237 927 1323 965 foro
1345 931 1474 965 erecta
1496 938 1564 965 ex-

151 985 373 1036 pectatione
393 987 528 1029 staret,
551 983 684 1022 mirari
700 983 841 1034 primo,
866 984 971 1034 quod
990 995 1067 1022 non
1087 983 1342 1022 descenderet
1360 982 1568 1029 tribunus,

153 1041 257 1087 dein,
282 1053 371 1079 cum
399 1041 475 1078 iam
498 1052 605 1079 mora
634 1040 855 1091 suspectior
876 1041 1004 1086 fieret,
1028 1040 1261 1079 deterritum
1283 1052 1303 1078 a
1325 1039 1564 1090 primoribus

104 1102 122 1126 Η
152 1098 324 1143 credere,
349 1102 388 1135 et
409 1097 606 1135 desertam
629 1109 673 1135 ac
692 1096 886 1147 proditam
910 1108 1067 1135 causam
1097 1096 1291 1147 publicam
1320 1096 1448 1147 queri,
1476 1100 1566 1133 tan-

153 1154 254 1199 dem,
272 1154 338 1205 qui
356 1153 549 1192 obversati
566 1152 758 1192 vestibulo
778 1153 926 1191 tribuni
943 1153 1114 1198 fuerant,
1132 1152 1318 1191 nuntiant
1336 1152 1442 1190 domi
1459 1163 1566 1190 mor—

151 1216 265 1249 tuum
289 1223 375 1248 esse
395 1210 615 1248 inventum.
659 1210 763 1260 quod
784 1208 853 1247 ubi
875 1209 913 1247 in
935 1214 1057 1248 totam
1076 1210 1302 1248 contionem
1319 1208 1481 1259 pertulit
1496 1220 1565 1246 ru-

151 1279 251 1309 mor,
277 1267 375 1305 sicut
397 1266 498 1305 acies
519 1266 698 1305 funditur
719 1265 816 1304 duce
839 1266 978 1307 occiso.
1001 1266 1052 1304 ita
1075 1266 1212 1316 dilapsi
1234 1265 1379 1316 passim
1397 1263 1461 1302 alii
1479 1264 1566 1302 alio.

152 1359 235 1390 doch
252 1358 295 1389 im
306 1356 398 1397 Folg.
417 1357 479 1388 mit
493 1368 534 1388 zu
547 1358 680 1398 grellen
692 1357 824 1390 Farben

153 1403 370 1444 geschildert,
388 1412 441 1433 um
460 1402 518 1434 das
530 1403 745 1435 Verbi-cellen
762 1404 782 1445 ξ
804 1404 823 1435 9

154 1459 194 1479 zu
221 1447 410 1480 inotiviren.
440 1466 483 1470 ——
509 1458 669 1491 pompam
691 1450 740 1490 s.‚
769 1449 823 1479 ein

152 1493 484 1535 Leichengcpr'ange,
513 1493 701 1525 'ausserlich
730 1494 824 1533 gli-in-

153 1539 249 1579 zend,
278 1538 358 1569 aber
387 1548 460 1568 zum
484 1537 575 1570 Tode
606 1538 759 1570 fiihrend.
780 1557 823 1560 —

151 1585 267 1625 insign,
285 1584 337 1614 die
356 1583 645 1622 ebengenannten.
658 1583 823 1625 —inf11I.,

154 1628 207 1660 die
226 1627 442 1670 Opferthierc
466 1630 605 1660 wurden
623 1628 682 1660 mit
698 1629 822 1660 Binden

154 1673 377 1714 geschiiiiickt‚
402 1672 495 1704 Flor.
520 1674 551 1713 2,
579 1674 618 1706 13
637 1674 681 1715 (4,
701 1674 745 1713 2),
765 1674 822 1705 92:

154 1720 270 1749 onznia
296 1718 381 1749 velut
405 1718 536 1760 insulae
560 1721 594 1750 in
619 1718 821 1750 destinatam

152 1765 258 1794 morte
282 1765 450 1795 victimam
483 1765 754 1805 congerebantur.
780 1782 823 1787 —

155 1808 250 1839 celat.
283 1819 312 1839 n.
337 1808 498 1846 consules,
529 1819 599 1840 was
623 1820 682 1841 aus
705 1819 822 1841 consu-

153 1853 242 1885 lares
259 1864 299 1884 zu
318 1854 514 1885 entnehmen
533 1854 588 1885 ist.

201 1899 289 1930 5-7.
316 1900 382 1929 iam
407 1902 496 1938 tnnc,
522 1900 624 1930 sehon
642 1899 733 1940 jetzt
750 1900 823 1938 (che

154 1943 203 1975 sie
233 1945 317 1975 noch
341 1943 487 1975 consulu
516 1944 682 1985 wiirden)‚
706 1945 774 1984 vgl.
798 1945 826 1985 1,

156 1988 210 2029 25,
234 1989 264 2027 13
292 1990 322 2027 3,
341 1989 394 2029 39,
412 1990 446 2019 9:
475 1992 556 2021 tune
585 1992 633 2020 sta
661 1991 825 2029 ltabeant3

155 2033 209 2072 29,
233 2034 259 2072 1,
279 2035 298 2065 6
313 2045 343 2065 u.
358 2045 387 2065 a.
407 2052 449 2056 --
467 2044 558 2077 oppr.
577 2035 617 2065 ab
635 2038 676 2066 ἰν.
692 2046 739 2078 p.,
757 2035 826 2075 s.7,

159 2078 210 2118 15,
231 2079 267 2108 7:
292 2088 312 2108 α
325 2078 454 2121 fallaci
474 2081 578 2122 specie
599 2082 747 2122 equitnm
764 2090 826 2111 eit·-

155 2125 242 2165 cepte'
256 2127 352 2163 stult,
378 2124 432 2162 40,
451 2124 505 2163 40,
527 2127 559 2163 13
591 2126 643 2165 31,
662 2125 716 2165 24,
733 2125 763 2156 3.
782 2143 825 2147 -

155 2169 191 2199 ‘ln
210 2178 264 2199 (ιη.
284 2168 365 2207 ind„
381 2169 446 2208 vgl.
463 2180 489 2200 c.
513 2169 563 2209 18,
586 2170 825 2213 ll.—appa7·.,

156 2224 182 2245 s.
217 2214 252 2254 1,
280 2214 315 2252 8,
342 2216 372 2244 3.
407 2232 449 2236 —-
476 2217 600 2256 patres,
637 2215 691 2247 die
715 2215 825 2247 Inter-

155 2267 253 2289 esseu
284 2258 344 2290 der
368 2258 615 2301 Senatspartei‚
641 2261 825 2292 besonders

156 2303 190 2334 in
208 2302 400 2343 Bezichung
427 2303 487 2335 auf
505 2304 564 2336 das
589 2304 824 2346 Ackergesetz.

155 2366 199 2371 -—
216 2349 280 2379 sibi
289 2358 383 2391 prop.
399 2359 430 2380 α.
448 2358 512 2388 θα,
528 2350 593 2381 wie
612 2350 642 2390 9,
661 2351 691 2390 5,
710 2351 739 2390 8,
759 2351 825 2390 vgl.

155 2393 198 2424 ad
215 2392 293 2425 Her.
311 2395 342 2433 4,
368 2393 421 2433 36,
445 2394 505 2433 483
537 2394 604 2426 Cic.
634 2395 698 2434 leg.
725 2405 776 2435 ag.
795 2396 827 2437 2,

156 2437 210 2476 20,
221 2438 262 2469 53
273 2451 279 2469 :
291 2440 402 2480 ponite
409 2442 487 2470 ante
497 2439 609 2471 oculos
623 2441 723 2481 vobis,
733 2445 828 2472 sonst

156 2487 245 2514 setzt
270 2483 340 2515 Cic.
369 2495 431 2515 nur
459 2484 521 2515 den
551 2484 653 2515 Dativ
682 2485 734 2516 od.
764 2496 827 2517 nur

155 2530 235 2559 ante
251 2528 364 2560 oculos
380 2540 423 2560 zu
436 2539 618 2572 proponere
646 2540 677 2560 u.
703 2540 826 2572 ponere

155 2573 312 2615 (Anton):
331 2583 368 2606 er
384 2574 505 2614 mfisse,
524 2573 619 2606 diirfe
638 2585 701 2606 nur
717 2585 823 2607 u.s.W.

898 1377 940 1381 ——
957 1356 1042 1396 inde,
1060 1368 1086 1389 s.
1106 1368 1134 1388 c.
1153 1356 1206 1396 32,
1230 1357 1279 1397 10,
1303 1356 1372 1396 vgl.
1393 1357 1422 1393 1,
1442 1356 1495 1394 59,
1518 1354 1565 1387 12.

897 1421 940 1426 -—-
957 1413 1021 1434 non
1038 1403 1137 1444 publ,
1159 1402 1253 1434 nicht
1270 1401 1302 1432 in
1321 1402 1381 1432 der
1399 1400 1512 1431 Curie.
1525 1418 1566 1421 -—

897 1448 1079 1489 sedactaq.,
1098 1447 1165 1487 vgl.
1185 1457 1213 1478 c.
1233 1446 1286 1485 32,
1307 1447 1342 1485 1;
1368 1446 1408 1476 da
1425 1446 1509 1476 auch
1526 1456 1567 1476 an

897 1494 958 1524 den
984 1491 1245 1533 regeliniissigen
1264 1490 1566 1530 Senatssitzungen

897 1549 960 1569 nur
992 1539 1046 1570 die
1073 1537 1258 1569 Senatoren
1286 1535 1382 1567 Theil
1418 1536 1567 1574 nehmen,

896 1584 996 1615 keiue
1015 1583 1168 1614 Zuhb'rer
1193 1581 1391 1622 zugelassen
1421 1580 1566 1621 werden,

897 1640 922 1659 s.
943 1628 1071 1660 Becker
1090 1628 1120 1666 2,
1139 1627 1171 1668 2,
1188 1627 1268 1668 421,
1294 1637 1330 1658 so
1356 1627 1402 1657 ist
1420 1625 1486 1656 wol
1511 1636 1569 1666 ge-

896 1673 1019 1712 meint,
1052 1673 1129 1704 dass
1159 1672 1251 1703 nicht
1281 1672 1348 1703 alle
1374 1670 1569 1711 Mitglieder

898 1720 955 1750 des
974 1719 1094 1750 Senats
1113 1727 1302 1758 zugezogen
1320 1718 1401 1748 oder
1419 1716 1496 1748 dass
1515 1716 1568 1748 die

896 1762 1213 1795 Zusammeukiinfte
1247 1762 1340 1793 nicht
1367 1762 1401 1793 in
1430 1762 1489 1793 der
1513 1772 1569 1801 ge—

896 1809 1109 1840 wo'hnlichen
1135 1808 1255 1839 W'eise
1284 1812 1447 1847 angesagt
1475 1817 1568 1838 wur-

898 1855 971 1886 den.
1001 1872 1044 1876 —
1073 1855 1147 1885 lure
1170 1864 1201 1884 a.
1230 1854 1250 1884 ί.
1277 1867 1291 1878 =
1315 1854 1481 1883 constaret
1505 1853 1571 1884 eri-

895 1898 1040 1942 piendos
1070 1897 1227 1941 (periculo
1256 1898 1338 1929 oder
1362 1896 1482 1939 plebi),
1512 1907 1570 1928 nec

898 1947 1069 1985 interesse,
1086 1946 1203 1976 utrum.
1218 1944 1290 1974 iure
1301 1953 1344 1973 αη
1359 1944 1488 1974 iniuria
1504 1944 1571 1974 eri—

896 1992 1067 2031 perentur,
1102 1999 1138 2020 so
1170 1989 1247 2019 dass
1274 1990 1348 2020 iat-e
1372 1998 1415 2018 an
1440 1989 1570 2019 iniuria

899 2035 1009 2075 wenig
1026 2034 1246 2066 verschieden
1265 2033 1310 2064 ist
1327 2043 1392 2063 von
1410 2034 1477 2064 sive
1496 2035 1570 2065 iure

897 2083 965 2111 ,sive
978 2081 1093 2121 iniust,
1112 2090 1138 2111 s.
1151 2078 1267 2119 2S‚43,
1282 2078 1312 2118 3,
1331 2078 1397 2118 vgl.
1418 2078 1448 2118 1,
1466 2078 1519 2118 33,
1539 2078 1568 2110 8.
1590 2116 1597 2119 -

899 2143 942 2147 —
957 2128 1083 2164 auctor,
1112 2125 1293 2156 Vertreter
1320 2124 1384 2154 und
1403 2133 1464 2154 zur
1480 2125 1568 2155 Aus-

897 2169 1042 2210 fiihrung
1060 2170 1178 2201 bereit.
1198 2188 1239 2192 -
1256 2171 1410 2210 atroaq„
1424 2178 1452 2200 e.
1467 2168 1520 2207 35,
1543 2168 1569 2199 1.

898 2234 940 2238 —-—
958 2216 1123 2257 quamvis,
1141 2226 1167 2247 c.
1186 2216 1240 2254 51,
1258 2214 1289 2253 7,

945 2261 989 2292 S-
1005 2261 1053 2292 10.
1081 2260 1200 2292 iudicii
1221 2259 1286 2300 die,
1315 2270 1340 2291 s.
1358 2270 1386 2290 c.
1406 2258 1460 2297 35,
1478 2258 1507 2290 6.
1528 2276 1569 2280 -

898 2305 1062 2346 descend„
1079 2304 1139 2337 auf
1152 2306 1210 2337 das
1224 2303 1326 2336 tiefer
1339 2303 1492 2344 liegende
1507 2303 1570 2334 Fo-

899 2362 982 2391 rum,
1000 2361 1052 2383 wo
1071 2349 1311 2383 sichdiePlebs
1320 2348 1568 2381 versammelte.

899 2414 943 2419 —
959 2399 1144 2437 mortuum,
1160 2396 1227 2428 wie
1241 2395 1355 2436 Scipio
1364 2394 1571 2426 Aemilianus

900 2442 932 2472 in
961 2441 1022 2473 den
1052 2439 1303 2473 Gracchischen
1330 2439 1497 2473 Uni-uben.
1527 2458 1569 2462 -

900 2486 1074 2527 funditur,
1083 2487 1155 2518 sich
1162 2489 1342 2525 zerstreut‚
1357 2484 1420 2516 wie
1428 2484 1569 2527 dilapsi,
1612 2493 1614 2495 ·

901 2531 954 2562 die
997 2531 1170 2573 PlebeJer,
1208 2531 1316 2563 selbst
1363 2530 1570 2569 unbewehrt,

901 2575 1055 2608 ffirchten
1074 2577 1170 2609 einen
1179 2575 1314 2617 Angriff
1325 2576 1384 2607 der
1394 2574 1570 2607 Patrio-ier.
