1698 2864
138 319 157 350 8

137 544 155 575 9

115 713 155 745 10

117 824 150 855 11

101 1042 155 1081 20

637 207 764 240 LIBER
781 208 823 242 V.
865 207 958 240 CAP.
980 207 1031 239 19.
1057 206 1112 239 20.
1428 223 1454 241 a.
1476 223 1504 241 u.
1525 216 1587 242 358.

188 211 268 250 300

187 317 224 350 et
239 310 494 362 Capenatibus
516 311 625 361 signa
646 309 808 349 confert.
845 308 974 347 omnia
994 307 1046 346 ibi
1066 320 1220 347 summa
1235 309 1386 347 ratione
1401 308 1590 348 consilio—

186 380 258 418 que
285 371 368 406 acta
394 367 551 406 fortuna
579 366 713 413 etiam,
741 371 784 405 ut
811 365 871 412 fit,
900 368 1030 403 secuta
1052 369 1122 404 est.
1163 376 1244 403 non
1265 363 1415 416 proelio
1437 369 1588 404 tantum

185 423 283 462 fudit
302 424 454 470 hostes,
482 423 549 461 sed
572 423 707 461 castris
729 434 882 472 quoque
904 420 1008 459 exuit
1027 420 1251 472 ingentique
1272 421 1412 472 praeda
1434 426 1492 465 est
1513 433 1587 471 po—

186 479 300 526 titus3
328 479 436 519 cuius
465 491 555 530 pars
582 479 748 517 maxima
777 477 822 516 ad
855 481 1101 527 quaestorem
1129 477 1280 516 redacta
1308 482 1384 523 est,
1413 477 1516 516 haud
1537 476 1589 516 ita

184 536 348 574 multum
369 535 480 574 militi
501 535 646 574 datum.
686 534 775 572 inde
796 533 842 572 ad
865 533 977 572 Veios
998 533 1186 572 exercitus
1208 533 1361 580 ductus,
1383 533 1586 572 densiora-

186 604 258 642 que
280 591 431 630 castella
452 591 563 637 facta,
587 596 624 629 et
643 603 663 629 a
681 589 1057 640 procursationibus,
1080 601 1176 640 quae
1195 589 1339 628 multae
1359 594 1506 628 temere
1526 589 1589 627 in—

186 654 243 686 ter
267 660 423 687 murum
446 660 489 686 ac
510 647 649 685 vallum
672 646 831 693 fiebant,
862 646 1008 692 edicto,
1039 657 1087 684 ne
1109 645 1193 697 quis
1215 645 1367 684 iniussu
1389 650 1590 696 pugnaret,

185 704 228 743 ad
260 717 358 755 opus
387 703 526 742 milites
548 702 723 741 traducti.
766 714 930 752 operum
950 701 1023 740 fuit
1044 703 1219 740 omnium
1241 701 1355 752 longe
1376 701 1588 740 maximum

184 772 227 798 ac
259 759 613 798 laboriosissimum
651 758 854 797 cuniculus
890 758 930 796 in
966 770 1093 797 arcem
1121 757 1294 796 hostium
1324 757 1382 808 agi
1411 761 1587 808 coeptus.

183 816 286 866 quod
307 828 356 854 ne
375 815 691 854 intermitteretur
712 826 823 865 opus,
843 825 919 853 neu
940 814 1012 852 sub
1028 818 1130 853 terra
1147 814 1355 852 continuus
1371 813 1481 853 labor
1497 826 1588 852 eos-

183 873 269 910 dem
292 872 511 920 conficeret,
533 871 571 909 in
589 875 716 921 partes
735 883 803 909 sex
818 870 1061 909 munitorum
1078 881 1286 909 numerum
1305 869 1449 909 divisit:
1471 881 1587 908 senae

183 928 301 966 horae
332 928 371 966 in
401 928 535 966 orbem
567 927 675 977 operi
704 927 906 965 attributae
939 932 1047 973 sunt3
1076 931 1191 965 nocte
1218 939 1262 964 ac
1288 926 1347 964 die
1375 938 1588 977 numquam

185 989 274 1022 ante
296 984 486 1022 omissum
510 996 625 1034 quam
648 984 686 1021 in
708 995 835 1022 arcem
856 983 955 1021 viam
976 982 1158 1021 facerent.

297 1040 467 1079 Dictator
488 1051 574 1078 cum
597 1039 672 1077 iam
694 1039 732 1077 in
753 1039 931 1077 manibus
949 1039 1095 1077 videret
1111 1038 1311 1077 victoriam
1329 1051 1428 1084 esse,
1451 1036 1588 1076 urbem

186 1095 519 1146 opulentissimam
554 1095 659 1145 capi,
694 1100 922 1145 tantumque
957 1095 1120 1145 praedae
1153 1094 1255 1140 fore,
1293 1099 1480 1145 quantum
1508 1105 1589 1132 non

187 1152 368 1190 omnibus
397 1152 436 1190 in
459 1163 578 1189 unum
601 1150 760 1189 conlatis
782 1155 870 1189 ante
890 1151 1000 1189 bellis
1020 1151 1177 1196 fuisset,
1207 1162 1256 1188 ne
1278 1163 1390 1200 quam
1414 1150 1502 1188 inde
1523 1155 1589 1188 aut

185 1208 348 1246 militum
377 1208 472 1246 iram
501 1220 544 1244 ex
572 1207 806 1256 malignitate
827 1207 992 1257 praedae
1013 1206 1174 1257 partitae
1195 1211 1260 1245 aut
1280 1206 1460 1244 invidiam
1483 1206 1588 1257 apud

184 1269 311 1314 patres
340 1277 384 1302 ex
415 1263 574 1313 prodiga
602 1262 804 1312 largitione
826 1268 999 1313 caperet,
1030 1262 1174 1301 litteras
1197 1262 1242 1300 ad
1265 1266 1441 1300 senatum
1463 1262 1586 1301 misit:

187 1319 300 1358 deum
329 1318 592 1358 inmortalium
614 1318 867 1369 benignitate,
895 1319 976 1357 suis
999 1319 1189 1365 consiliis,
1217 1318 1399 1369 patientia
1421 1318 1586 1357 militum

185 1375 299 1414 Veios
328 1376 402 1415 iam
431 1375 514 1413 fore
541 1374 578 1412 in
601 1379 793 1424 potestate
814 1375 949 1426 populi
971 1375 1154 1422 Romani,
1182 1374 1273 1425 quid
1296 1375 1343 1413 de
1364 1374 1506 1425 praeda
1526 1374 1585 1413 fa-

184 1432 363 1470 ciendum
386 1429 616 1470 censerent?
648 1431 743 1469 duae
765 1437 941 1470 senatum
964 1430 1201 1470 distinebant
1221 1430 1451 1477 sententiae,
1481 1431 1585 1470 senis

182 1488 224 1525 P.
241 1487 374 1533 Licini,
399 1500 510 1538 quem
534 1487 705 1537 primum
728 1487 871 1526 dixisse
893 1501 913 1527 a
934 1487 1011 1525 filio
1034 1487 1313 1537 interrogatum
1329 1487 1469 1533 ferunt,
1491 1487 1586 1526 edici

184 1599 246 1619 von
266 1588 412 1631 Nepete,
442 1587 472 1627 6,
497 1588 528 1619 9.
549 1606 591 1610 -
610 1590 793 1629 quaestor„
818 1588 850 1629 4,

183 1633 242 1671 43,
261 1634 290 1664 4.

229 1678 248 1709 9
265 1696 287 1700 —
307 1678 357 1708 11.
391 1678 558 1718 densiora,
590 1688 615 1708 s.
635 1688 661 1708 c.
688 1678 722 1715 5,
755 1678 783 1708 5.
803 1696 847 1701 —

185 1734 269 1765 opus
298 1723 464 1762 abstract,
495 1722 535 1753 im
563 1721 775 1762 Gegensatze
805 1734 846 1754 zu

185 1778 335 1810 operum.
353 1786 397 1790 —
415 1767 603 1809 mmmmm,
632 1767 668 1806 4,
699 1767 759 1803 22;
787 1778 847 1798 un-

182 1813 379 1844 terirdische
399 1812 511 1852 Gange
538 1812 645 1843 finden
671 1812 739 1843 sich
763 1813 845 1844 noch

183 1862 282 1888 uniter
298 1859 470 1889 mehreren
490 1857 646 1895 Stadten,
664 1857 846 1889 besonders

184 1904 213 1934 in
235 1902 439 1935 Paliistrinaz
468 1903 533 1933 und
564 1903 613 1933 die
639 1901 784 1933 Cloaken
815 1903 846 1933 in

183 1947 274 1985 Rom,
294 1949 353 1979 der
370 1948 519 1979 Emissar
536 1948 593 1978 des
612 1947 848 1987 Albanersees,

183 1993 234 2023 die
248 1992 493 2031 Felsengr'aber
510 1993 541 2023 in
556 1992 712 2023 Etrurien
731 1997 848 2023 setzen

184 2047 300 2076 grosse
319 2037 505 2076 Fertigkeit
529 2037 558 2067 in
579 2037 709 2068 solclien
730 2037 849 2068 Arbei-

184 2087 240 2112 ten
274 2091 412 2120 voraus,
457 2082 537 2112 auch
578 2082 712 2112 werden
754 2086 849 2113 sonst

185 2125 294 2158 Minen
325 2126 376 2157 bei
406 2126 653 2165 Belagerungen
688 2127 848 2166 erw’zihnt,

186 2181 211 2202 s.
223 2170 275 2209 38,
291 2171 327 2209 73
343 2171 422 2201 aber
435 2171 515 2201 doch
531 2170 632 2201 bleibt
646 2180 682 2201 es
696 2172 850 2201 unwahr-

186 2216 382 2255 scheinlicb,
405 2216 481 2246 dass
500 2215 572 2246 eine
591 2215 703 2245 solche
727 2216 848 2254 gerade

185 2259 244 2291 auf
263 2261 314 2291 die
339 2260 435 2291 steile
460 2260 564 2300 Burg,
594 2270 620 2291 s.
646 2270 672 2290 c.
698 2260 755 2298 21,
789 2260 846 2299 103

186 2305 281 2338 Dion.
299 2305 329 2345 2,
348 2305 406 2336 54:
425 2301 481 2347 ἐφ’
502 2302 645 2345 ὑψηλοῦ
665 2304 848 2336 σκοπέλου

185 2351 246 2381 καὶ
264 2349 486 2393 πειῤῥῶγος,
515 2350 594 2381 habe
613 2348 744 2389 gesuhrt
762 2360 847 2380 wer-

186 2396 248 2426 den
266 2395 415 2433 konnen,
444 2395 509 2425 und
528 2394 619 2426 Nieb.
643 2394 677 2434 1,
707 2394 771 2425 358
790 2395 848 2426 be-

186 2441 332 2471 trachtet
360 2441 411 2470 die
437 2439 571 2479 Angabe
600 2439 649 2470 als
679 2440 738 2470 der
763 2440 847 2480 Sage

186 2484 509 2526 angehiirig,s.c.21,
522 2484 552 2515 6.
571 2484 847 2516 Ehersollteman

186 2535 364 2571 erwarten,
383 2531 458 2560 dass
478 2530 557 2560 nach
577 2530 635 2560 der
652 2530 848 2570 mehrj'zihri-

186 2585 247 2614 gen
288 2574 564 2613 Einschliessung
609 2575 708 2606 sehon
752 2575 847 2615 lange

186 2620 419 2660 Hungersnoth
451 2620 483 2651 in
517 2620 576 2651 der
600 2620 698 2652 stadt
728 2630 848 2661 ausge-

921 1587 1064 1618 brochen
1091 1587 1160 1618 sein
1183 1587 1312 1626 miisse,
1344 1587 1410 1627 vgl.
1435 1597 1464 1618 c.
1482 1586 1518 1629 6,
1548 1586 1585 1626 ὃς

920 1633 1000 1663 nach
1021 1632 1114 1663 Dion.
1133 1642 1160 1663 c.
1182 1631 1219 1662 17
1238 1631 1341 1662 haben
1361 1632 1412 1663 die
1426 1631 1589 1672 Vejenter

919 1678 990 1708 ihre
1010 1675 1266 1717 Unterwerfung
1283 1677 1479 1717 angeboten.
1493 1695 1537 1700 —
1553 1679 1587 1708 in

921 1723 1009 1761 orb„
1041 1723 1094 1753 die
1124 1721 1143 1752 6
1173 1722 1321 1753 Stunden
1350 1722 1466 1753 kamen
1499 1722 1589 1762 „der

919 1766 1021 1798 Reihe
1039 1767 1144 1798 nach“
1164 1777 1203 1797 an
1224 1767 1274 1797 die
1293 1766 1312 1796 6
1331 1767 1587 1807 Abtheilungen,

918 1812 1031 1852 vgl.1,
1054 1812 1104 1852 17,
1123 1811 1159 1844 6:
1186 1811 1215 1851 3,
1234 1811 1286 1852 36,
1312 1810 1349 1851 33
1374 1811 1403 1853 6,
1421 1811 1525 1852 4,10.
1543 1829 1588 1834 -—-

918 1860 1016 1888 noete
1032 1868 1062 1888 a.
1081 1857 1124 1897 (1.,
1145 1867 1170 1887 s.
1189 1856 1218 1896 3,
1242 1855 1294 1898 42,
1312 1856 1348 1886 2;
1369 1860 1480 1898 alque.

958 1897 1027 1933 20.
1061 1902 1089 1932 1.
1111 1903 1187 1944 capi
1198 1901 1392 1932 bezeichuet
1410 1902 1462 1932 die
1480 1900 1588 1932 siche-

920 1957 957 1978 re
973 1947 1246 1985 Ueberzeugung,
1264 1955 1290 1976 s.
1306 1955 1333 1976 c.
1351 1945 1401 1985 18,
1418 1945 1455 1983 23
1475 1945 1529 1985 21,
1546 1945 1584 1984 ὃς

921 1992 958 2030 4,
978 1991 1037 2031 58,
1065 1990 1122 2027 143
1141 1989 1360 2021 erkl'zirendes
1378 1991 1585 2032 Asyndeton.

965 2036 1022 2066 4-
1040 2035 1071 2066 5.
1106 2035 1273 2077 primum,
1300 2033 1384 2066 Gell.
1405 2035 1441 2075 4,
1470 2035 1524 2076 10,
1549 2034 1585 2066 3:

922 2080 1056 2122 quidam
1091 2090 1108 2110 e
1139 2079 1347 2118 consulibus,
1383 2079 1493 2112 studio
1526 2082 1588 2112 aut

920 2124 1171 2156 necessitudine
1187 2124 1298 2166 aliqua
1315 2124 1470 2165 adducti,
1488 2135 1586 2167 quem

920 2171 963 2201 iis
992 2171 1101 2201 risum
1125 2172 1199 2201 erat
1221 2170 1361 2201 honoris
1383 2172 1501 2212 gratia
1524 2181 1586 2201 ea:—

921 2217 976 2246 tra
994 2215 1144 2246 ordinem
1163 2214 1264 2253 (nicht
1280 2215 1342 2245 wie
1359 2216 1438 2246 nach
1454 2216 1514 2246 der
1529 2215 1586 2246 lex

922 2260 1041 2291 Ovinia
1065 2260 1126 2290 den
1150 2260 1302 2301 princeps
1329 2261 1478 2300 senatus)
1507 2271 1587 2292 sen-

921 2307 1058 2336 tentiam
1074 2306 1224 2347 primum
1238 2306 1408 2346 rogabant
1425 2310 1500 2344 etc„
1517 2305 1585 2345 vgl.

921 2349 951 2390 3,
970 2350 1022 2389 40,
1042 2348 1071 2380 8.
1090 2368 1133 2372 —
1151 2349 1264 2391 afilz‘O,
1283 2351 1342 2381 der
1360 2350 1587 2382 Consulartri-

920 2394 982 2426 bun
1001 2395 1214 2426 versammelt
1227 2395 1257 2425 in
1276 2395 1335 2426 der
1347 2394 1586 2426 Abwesenheit

920 2440 978 2471 des
998 2440 1166 2471 Dictators
1190 2440 1251 2470 den
1277 2440 1390 2471 Senat.
1415 2457 1460 2461 —
1476 2441 1583 2471 inter-

920 2488 1044 2526 rogat„
1060 2496 1085 2516 s.
1097 2485 1149 2525 22,
1165 2484 1217 2523 60,
1236 2485 1273 2524 53
1289 2484 1341 2526 26,
1356 2483 1409 2523 33,
1428 2484 1462 2515 5:
1480 2486 1585 2516 inier-

919 2533 1064 2572 rogatus
1078 2531 1298 2567 sententiam,
1313 2529 1365 2568 30,
1380 2529 1434 2568 23,
1450 2529 1463 2560 1
1479 2540 1486 2567 ;
1502 2529 1586 2560 Bek-

920 2574 980 2606 ker
998 2576 1028 2614 2,
1047 2575 1078 2614 2,
1097 2574 1178 2613 429;
1199 2575 1277 2605 nach
1292 2575 1363 2605 dem
1382 2575 1453 2605 hier
1469 2584 1533 2606 von
1549 2573 1585 2605 L.

920 2620 1131 2652 Berichteten
1145 2620 1249 2652 haben
1266 2619 1348 2651 auch
1367 2620 1416 2651 die
1431 2618 1586 2660 Plebejer
