1698 2864
118 215 145 234 a.
167 208 221 234 Ch.
241 207 304 232 449.
580 194 708 227 LIBER
725 193 779 226 111.
818 193 912 226 CAP.
931 194 986 227 56.
1012 195 1066 227 57.

1443 195 1522 234 113

118 305 248 340 utrum
276 299 385 338 novis
411 297 557 349 legibus
586 296 800 335 dominatio
829 307 879 335 an
899 296 1054 335 libertas
1076 297 1225 335 firmata
1247 296 1308 342 sit,
1332 300 1369 335 et
1389 295 1522 346 appel—

120 356 209 396 latio
245 355 542 407 provocatioque
577 353 763 391 adversus
792 352 968 391 iniuriam
999 353 1296 403 magistratuum
1330 357 1523 391 ostentata

119 417 267 452 tantum
288 411 467 450 inanibus
488 409 624 448 litteris
646 422 694 448 an
716 421 801 448 vere
823 410 908 448 data
930 409 991 447 sit.

230 466 370 506 Contra
388 480 430 506 ea
448 466 648 517 Verginius
672 477 791 504 unum
815 467 886 515 Ap.
909 465 1110 504 Claudium
1127 468 1164 502 et
1179 464 1304 514 legum
1324 469 1521 515 expertem

117 528 153 562 et
173 523 290 562 civilis
310 528 348 562 et
368 524 528 562 humani
549 522 716 561 foederis
734 535 819 560 esse
835 522 970 560 aiebat.
1007 520 1248 571 respicerent
1263 520 1430 559 tribunal
1448 521 1520 558 ho-

115 579 251 625 mines,
275 580 471 618 castellum
495 579 670 617 omnium
692 578 896 626 scelerum,
918 577 983 616 ubi
1006 577 1198 616 decemvir
1220 576 1279 614 ille
1301 582 1523 627 perpetuus,

117 636 230 675 bonis
252 642 372 687 tergo-
384 635 560 686 sanguini
581 635 720 674 civium
744 634 924 679 infestus,
946 635 1072 684 virgas
1091 645 1323 683 securesque
1342 633 1523 671 omnibus

117 692 322 740 minitans,
356 693 518 731 deorum
547 691 830 742 hominumque
858 695 1126 740 contemptor,
1156 688 1423 736 carnificibus,
1445 700 1524 727 non

118 749 316 788 lictoribus
338 750 502 800 stipatus
525 748 598 786 iam
624 748 669 786 ab
692 748 836 799 rapinis
859 753 896 786 et
917 747 1096 786 caedibus
1114 746 1244 785 animo
1263 746 1308 783 ad
1325 745 1524 783 libidinem

118 818 228 844 verso
264 806 449 855 virginem
485 806 691 855 ingenuam
723 804 759 842 in
788 804 908 843 oculis
938 803 1071 854 populi
1103 802 1268 841 Romani
1297 802 1399 840 velut
1425 801 1524 839 bello

120 867 266 913 captam
290 862 335 900 ab
357 861 548 912 conplexu
571 861 689 911 patris
713 860 908 911 abreptam
933 860 1111 898 ministro
1135 858 1295 897 cubiculi
1318 858 1377 896 sui
1400 857 1527 896 clienti

121 918 224 957 dono
247 918 412 965 dederit,
441 918 507 957 ubi
537 917 679 956 crudeli
703 918 856 955 decreto
879 916 1133 966 nefandisque
1156 914 1328 953 vindiciis
1352 915 1523 952 dextram

120 974 240 1025 patris
257 975 295 1012 in
313 975 427 1013 filiam
445 974 670 1018 armaverit,
691 973 755 1011 ubi
773 973 940 1011 tollentis
959 984 1102 1022 corpus
1124 971 1350 1009 semianime
1371 970 1526 1020 virginis

119 1042 309 1081 sponsum
339 1042 528 1080 avumque
550 1030 586 1068 in
611 1041 801 1068 carcerem
825 1028 911 1066 duci
933 1028 1102 1074 iusserit,
1125 1033 1261 1076 stupro
1285 1027 1525 1076 interpellato

118 1087 239 1136 magis
262 1099 374 1136 quam
399 1086 512 1124 caede
529 1091 671 1124 motus.
711 1090 747 1123 et
763 1085 813 1123 illi
831 1097 1022 1123 carcerem
1041 1084 1282 1122 aedificatum
1301 1095 1401 1128 esse,
1422 1082 1526 1132 quod

120 1142 356 1181 domicilium
391 1142 513 1193 plebis
543 1142 741 1180 Romanae
769 1153 903 1179 vocare
933 1141 983 1179 sit
1010 1140 1159 1178 solitus.
1208 1139 1372 1189 proinde
1398 1146 1441 1177 ut
1468 1138 1527 1176 ille

121 1198 258 1237 iterum
280 1212 324 1237 ac
346 1199 500 1249 saepius
524 1204 726 1250 provocet,
748 1198 803 1236 sic
825 1210 866 1235 se
887 1198 1025 1235 iterum
1050 1209 1093 1234 ac
1115 1196 1269 1246 saepius
1289 1195 1453 1233 iudicem
1477 1194 1527 1233 illi

120 1255 240 1301 ferre,
268 1255 308 1293 ni
338 1255 520 1293 vindicias
545 1254 590 1292 ab
612 1254 786 1292 libertate
807 1253 845 1291 in
868 1254 1091 1292 servitutem
1115 1252 1281 1298 dederit,
1304 1252 1334 1289 si
1359 1251 1403 1290 ad
1428 1250 1527 1289 iudi-

124 1323 205 1350 cem
233 1323 312 1350 non
341 1317 417 1357 eat,
446 1324 517 1361 pro
542 1311 722 1349 damnato
746 1310 784 1348 in
806 1310 925 1348 vincla
949 1309 1035 1348 duci
1060 1308 1203 1347 iubere.
1243 1314 1284 1346 ut
1304 1308 1403 1346 haud
1428 1319 1528 1358 quo-

124 1379 237 1418 quam
259 1367 490 1418 inprobante
511 1367 566 1405 sic
588 1379 728 1417 magno
747 1371 856 1405 motu
873 1366 1107 1411 animorum,
1131 1377 1216 1403 cum
1235 1364 1328 1403 tanti
1347 1363 1415 1402 viri
1433 1376 1529 1414 sup-

121 1423 234 1474 plicio
257 1428 406 1463 suamet
432 1423 533 1474 plebi
555 1424 628 1461 iam
651 1423 767 1461 nimia
790 1423 944 1461 libertas
968 1422 1172 1469 videretur,
1195 1422 1235 1459 in
1257 1432 1448 1459 carcerem
1472 1425 1531 1458 est

124 1479 332 1519 coniectus.
373 1480 554 1519 tribunus
577 1480 610 1518 ei
633 1479 733 1518 diem
756 1479 938 1530 prodixit.

123 1624 296 1662 adversus,
316 1635 342 1657 s.
362 1625 391 1663 2,
413 1624 442 1665 8,
461 1625 491 1656 2.

170 1665 238 1703 57.
283 1670 386 1701 1-3.
427 1672 545 1702 contra
576 1680 615 1701 ea
647 1670 717 1701 hier
748 1680 789 1701 zu

124 1719 274 1756 trennen,
294 1725 321 1746 s.
341 1715 370 1754 2,
389 1714 442 1754 60,
464 1716 491 1746 1.
517 1733 561 1738 -—-
585 1715 733 1756 humani,
759 1715 790 1755 4,

862 1623 1094 1656 Romanorum
1107 1624 1198 1665 fuit.
1218 1641 1257 1645 —
1272 1622 1390 1665 plebis,
1416 1623 1478 1653 wie
1503 1632 1530 1653 c.

864 1668 917 1709 56,
939 1668 996 1707 133
1016 1670 1135 1699 daraus
1155 1667 1237 1707 folgt
1259 1669 1357 1707 nicht,
1378 1669 1454 1699 dass
1472 1677 1534 1698 vor

865 1715 925 1745 den
958 1712 1063 1745 zwo'lf
1084 1712 1200 1745 Tasci„
1232 1724 1294 1743 nur
1318 1713 1473 1753 Plebejer
1502 1713 1533 1743 iu

125 1759 176 1799 19,
206 1759 246 1798 33
276 1761 306 1798 5,
338 1759 391 1798 27,
421 1760 452 1791 6.
482 1779 525 1783 —-
555 1760 692 1798 castell„
723 1759 789 1791 Cic.

122 1803 187 1836 Pis.
203 1805 233 1844 5,
255 1805 310 1836 ll:
330 1805 490 1848 templum
506 1824 528 1827 —
544 1805 790 1847 castelltnnso-

122 1852 232 1881 ren-sis
248 1849 433 1888 latroeim‘2'3
453 1849 531 1881 Tac.
552 1852 632 1889 Agr.
656 1849 710 1880 16:
734 1861 791 1881 se—

121 1894 195 1926 dem
209 1897 393 1927 sert-[lutis.
402 1913 447 1918 —
458 1895 682 1937 carnqfieibus,
698 1896 789 1926 diese

121 1940 296 1980 vollzogen
337 1941 387 1971 die
426 1940 685 1980 Hinrichtungen
731 1941 790 1972 der

123 1985 279 2025 Sklaven,
304 1985 485 2017 besonders
509 1986 561 2016 die
586 1986 791 2017 entehrende

123 2028 353 2070 Rreuzigung3
388 2031 512 2072 Appius
545 2031 602 2062 hut
632 2030 704 2061 also
738 2031 790 2062 die

124 2075 251 2114 Biirger
278 2075 329 2106 als
359 2077 468 2107 recht·
499 2076 564 2107 und
594 2076 705 2107 ehrlos
735 2075 793 2106 be-

124 2120 266 2151 haudelt.
284 2138 328 2143 —
344 2120 464 2158 clienti,
479 2121 539 2152 der
556 2121 793 2152 schw‘tichende

126 2163 249 2196 Zusatz
283 2165 327 2196 ist
355 2165 526 2197 vielleicht
554 2166 604 2197 ein
640 2165 793 2198 Glossem

125 2220 186 2241 aus
201 2209 477 2249 c.44‚6.—a¹0n0
491 2210 570 2250 d.‚c.
581 2211 634 2251 45,
646 2210 681 2250 33
698 2211 751 2249 47,
763 2211 793 2243 5.

170 2255 202 2286 4.
227 2265 371 2297 arumq„
390 2266 416 2287 s.
432 2266 459 2287 c.
473 2255 527 2293 45,
546 2255 577 2286 4.
591 2273 634 2278 —
646 2258 680 2287 in
695 2266 792 2298 carc„

126 2310 153 2331 c.
171 2299 226 2339 49,
244 2300 275 2330 2.
294 2318 339 2323 —
355 2303 476 2343 stupro
495 2305 558 2332 etc.
584 2301 666 2332 wird
692 2302 793 2333 durch

125 2345 177 2376 die
212 2344 365 2385 Stellung
397 2356 447 2377 am
478 2346 569 2377 Ende
601 2346 660 2377 der
692 2347 793 2378 durch

124 2391 360 2432 auaphorische
375 2389 595 2430 Nebensz‘itze,
614 2391 713 2422 durch
729 2393 795 2434 Ap·

126 2435 270 2477 position
294 2436 360 2467 und
378 2435 794 2478 Participialconstructio-

126 2490 187 2511 nen
207 2481 285 2512 sehr
306 2479 553 2521 mannigfuchen
574 2481 712 2512 Periode
736 2492 794 2522 ge-

125 2525 243 2557 hoben.
260 2544 305 2549 -—
321 2537 503 2568 carcerem,
527 2526 594 2567 vgl.
619 2537 647 2558 c.
674 2526 726 2564 58,
752 2527 794 2567 23

127 2569 194 2602 Cic.
213 2570 312 2602 Verr.
331 2572 362 2611 5,
380 2572 433 2613 55,
461 2571 540 2603 143:
567 2582 683 2603 carcer
706 2572 759 2604 ille
775 2591 797 2595 —

124 2617 158 2648 in
175 2617 276 2648 istius
292 2618 432 2660 imperio
451 2616 656 2650 domicillam
678 2619 797 2650 civium

197 2670 254 2697 Tit.
268 2670 326 2698 Liv.
344 2672 380 2699 ΙΙ.
401 2670 427 2699 3.
445 2671 520 2698 Auss.

865 1759 922 1790 das
965 1758 1167 1799 Gefiingniss
1207 1758 1366 1798 gebracht
1399 1758 1534 1788 worden

865 1805 986 1835 waren.

910 1849 999 1880 5—6.
1046 1847 1190 1891 proinde
1230 1852 1308 1886 etc„
1348 1848 1401 1879 die
1442 1851 1537 1878 sonst

864 1895 966 1925 durch
994 1893 1137 1937 proinde
1162 1893 1375 1933 eingeleitete
1400 1890 1536 1923 Auffor-

862 1940 1000 1979 derung,
1018 1949 1044 1970 s.
1064 1949 1091 1970 c.
1109 1937 1163 1979 48,
1182 1937 1210 1977 3,
1230 1939 1274 1969 ist
1292 1939 1362 1969 hier
1380 1948 1442 1968 nur
1460 1947 1536 1967 ver-

866 1984 991 2016 steckt:
1007 1983 1150 2027 proinde
1165 1993 1322 2026 prot-oca,
1341 1993 1405 2024 ego
1424 1985 1535 2013 tamen

864 2034 927 2061 etc.
952 2047 996 2052 -
1018 2029 1162 2060 iudicem
1178 2047 1201 2050 —
1217 2030 1255 2059 πί
1275 2033 1351 2066 etc„
1378 2038 1404 2059 s.
1431 2038 1458 2058 c.
1481 2026 1536 2067 24,

864 2075 900 2105 5:
932 2075 992 2105 der
1019 2073 1157 2105 Richter
1186 2073 1270 2104 solle
1293 2074 1345 2104 ihn
1374 2072 1535 2112 (Vergin.)

866 2130 926 2151 zur
950 2119 1121 2159 Erlegung
1138 2119 1197 2150 der
1217 2118 1438 2150 Wettsumme
1457 2126 1537 2148 ver-

866 2165 1050 2204 urthessen,
1078 2174 1173 2195 wenn
1204 2174 1241 2194 er
1265 2164 1356 2195 nicht
1380 2163 1536 2202 beweise,

866 2210 943 2242 dass
967 2209 1122 2241 Claudius
1145 2219 1229 2240 usw.
1253 2227 1297 2232 —-
1320 2219 1381 2251 pro
1411 2208 1536 2246 domu„

865 2255 917 2287 als
943 2255 982 2286 ob
1013 2265 1050 2287 er
1078 2265 1140 2286 von
1171 2255 1242 2285 dem
1273 2254 1538 2285 Schiedsriehter

867 2300 1070 2332 verurtheilt
1089 2300 1192 2338 wiire,
1219 2299 1272 2330 die
1291 2299 1409 2330 Wette
1428 2297 1539 2329 verlo-

867 2356 924 2377 ren
957 2347 1060 2377 hatte.
1110 2345 1248 2385 Vergit».
1277 2344 1346 2375 will
1376 2353 1439 2374 von
1469 2344 1537 2383 Ap-

867 2392 939 2433 pius
963 2391 1060 2422 keine
1088 2390 1214 2429 Biirgen
1237 2390 1436 2429 annehmen,
1460 2388 1536 2418 dass

868 2446 905 2468 er
943 2436 1012 2467 sich
1050 2446 1100 2467 am
1140 2435 1373 2474 Gerichtstage
1415 2433 1537 2464 stellen

866 2482 991 2513 werde.
1009 2499 1052 2504 --
1070 2491 1247 2522 quoq-uam,
1273 2480 1334 2510 wie
1353 2478 1407 2517 34,
1430 2478 1482 2517 35,
1502 2477 1530 2518 9,

868 2531 963 2558 sonst
980 2527 1118 2557 braucht
1136 2525 1172 2556 L.
1191 2526 1252 2556 den
1271 2524 1344 2555 Ahl.
1364 2533 1426 2554 von
1450 2522 1539 2554 ullus

868 2572 1142 2604 substantivisch.
1159 2588 1204 2593 -—-
1221 2569 1307 2601 de‘em
1323 2567 1435 2611 prod„
1459 2577 1486 2599 s.
1507 2567 1538 2608 2,

868 2618 924 2658 61,
942 2617 972 2650 7.

1251 2670 1270 2702 8
