1698 2864
130 466 170 498 10

129 578 166 610 11

130 748 170 780 12

128 859 168 891 13

128 1082 169 1114 14

117 1189 167 1226 11

200 190 254 228 22
655 185 785 218 LIBER
801 185 856 218 III.
899 186 992 219 CAP.
1011 186 1063 219 10.
1083 185 1134 219 11.
1443 203 1469 220 a.
1490 203 1518 221 n.
1539 196 1603 222 293.

200 291 277 329 lam
306 288 469 328 concilia
489 288 632 337 facere,
653 287 692 327 id
715 292 849 339 caput,
869 300 934 327 eas
956 287 1058 327 vires
1077 287 1166 328 belli
1187 300 1287 327 esse.
1330 292 1371 326 ut
1390 288 1484 326 haec
1506 287 1606 328 dicta

200 347 241 385 in
261 351 398 385 senatu
419 350 520 393 sunt,
542 345 703 384 dilectus
724 344 897 383 edicitur.
929 344 1108 383 consules
1124 345 1212 383 belli
1227 343 1606 383 administrationem

198 402 298 441 inter
319 415 361 441 se
382 401 577 453 dispertiri
599 401 709 447 iussi,
732 401 839 440 alteri
860 406 902 439 ut
917 400 1056 447 Volsci,
1077 401 1183 440 alteri
1203 405 1247 440 ut
1266 401 1385 452 Aequi
1406 401 1606 451 provincia

199 463 315 498 esset.
346 458 491 497 tribuni
509 470 642 497 coram
659 458 696 496 in
714 457 801 496 foro
814 468 1028 507 personare
1039 457 1208 496 fabulam
1221 457 1465 508 conpositam
1478 457 1606 496 Volsci

197 515 298 565 belli,
320 515 508 554 Hernicos
539 515 584 553 ad
615 518 742 565 partes
764 517 936 564 paratos.
976 513 1053 552 iam
1074 525 1124 553 ne
1144 513 1284 553 virtute
1304 513 1459 564 quidem
1481 513 1606 564 premi

197 571 413 611 libertatem
442 571 576 622 populi
597 569 784 616 Romani,
807 569 874 608 sed
896 574 975 608 arte
995 569 1109 609 eludi.
1149 570 1236 621 quia
1258 570 1461 609 occidione
1482 573 1607 622 prope

199 628 353 667 occisos
375 628 538 666 Volscos
561 631 598 665 et
618 627 772 677 Aequos
802 638 958 665 movere
985 638 1056 665 sua
1083 631 1224 677 sponte
1254 639 1362 665 arma
1388 638 1509 676 posse
1529 626 1606 665 iam

198 684 294 723 fides
317 684 468 731 abierit,
495 695 620 722 novos
646 683 783 721 hostes
801 683 952 733 quaeri3
981 683 1173 722 coloniam
1195 683 1323 729 fidam,
1343 682 1607 733 propinquam

199 740 384 779 infamem
407 740 503 779 fieri.
545 738 687 778 bellum
709 739 875 777 innoxiis
891 739 1112 778 Antiatibus
1134 739 1263 785 indici,
1286 738 1366 789 geri
1388 750 1475 777 cum
1497 737 1608 789 plebe

198 797 391 843 Romana,
414 809 529 847 quam
547 800 747 834 oneratam
768 795 886 834 armis
908 808 953 834 ex
973 795 1070 835 urbe
1091 795 1291 846 praecipiti
1312 794 1465 845 agmine
1486 795 1608 833 acturi

199 858 346 898 essent,
374 852 485 891 exilio
515 857 553 891 et
572 852 805 902 relegatione
827 851 965 891 civium
987 852 1215 891 ulciscentes
1236 851 1430 890 tribunos.
1470 851 1536 898 sic,
1557 863 1607 890 ne

197 909 290 960 quid
312 909 414 948 aliud
436 913 564 948 actum
586 913 735 960 putent,
758 908 895 947 victam
912 908 1035 959 legem
1058 920 1156 958 esse,
1179 908 1268 955 nisi,
1291 908 1382 946 dum
1400 907 1439 945 in
1456 907 1606 958 integro

196 978 260 1004 res
283 965 346 1011 sit,
369 966 462 1004 dum
480 965 598 1012 domi,
614 970 699 1004 tum
715 966 835 1016 togati
853 964 942 1011 sint,
963 970 1137 1011 caveant,
1159 977 1207 1004 ne
1223 964 1478 1016 possessione
1498 963 1607 1002 urbi-s

197 1022 407 1072 pellantur,
434 1034 482 1060 ne
509 1021 643 1072 iugum
666 1021 868 1072 accipiant.
910 1021 943 1059 si
964 1022 1116 1060 animus
1139 1021 1207 1067 sit,
1239 1032 1321 1059 non
1343 1020 1477 1059 defore
1498 1020 1608 1059 auxi-

196 1078 308 1125 lium,
338 1078 560 1117 consentire
590 1090 727 1117 omnes
754 1078 947 1116 tribunos.
993 1078 1140 1117 nullum
1171 1083 1364 1117 terrorem
1391 1081 1605 1122 externum,

196 1134 343 1173 nullum
366 1135 581 1186 periculum
603 1147 707 1181 esse3
730 1134 879 1173 cavisse
896 1134 989 1173 deos
1006 1136 1137 1185 priore
1153 1146 1269 1179 anno,
1292 1138 1336 1172 ut
1351 1138 1433 1172 tuto
1451 1132 1606 1171 libertas

199 1191 351 1229 defendi
385 1195 532 1241 posset.
587 1191 683 1229 haec
708 1190 866 1229 tribuni.
918 1193 967 1229 At
993 1203 1037 1229 ex
1065 1195 1175 1241 parte
1203 1191 1320 1229 altera
1354 1189 1535 1228 consules
1566 1188 1606 1227 in

196 1252 410 1298 conspectu
432 1259 568 1286 eorum
591 1246 731 1298 positis
754 1246 857 1285 sellis
879 1246 1062 1286 dilectum
1084 1246 1287 1286 habebant.
1330 1249 1377 1283 eo'
1398 1246 1607 1284 decurrunt

194 1303 341 1342 tribuni
371 1304 675 1354 contionemque
703 1315 836 1342 secum
865 1303 1036 1342 trahunt.
1080 1303 1183 1342 citati
1209 1302 1321 1354 pauci
1341 1301 1443 1340 velut
1463 1301 1517 1340 rei
1538 1314 1605 1340 ex-

241 1481 353 1513 9-11.
388 1481 539 1518 dilectus,
561 1481 612 1513 die
631 1479 866 1521 Wegfiihrung

196 1528 253 1558 des
277 1527 404 1558 Heeres
428 1527 493 1558 und
516 1527 567 1558 die
593 1525 866 1566 Zuriickhaltung

196 1573 372 1603 desselben
398 1573 440 1603 im
460 1572 562 1603 Felde
586 1581 699 1602 waren
717 1571 788 1602 eins
807 1571 866 1602 der

196 1617 323 1657 Mittel,
354 1618 455 1648 deren
488 1616 557 1647 sich
587 1616 646 1646 der
675 1616 778 1646 Senat
807 1616 866 1646 be-

197 1663 306 1694 diente
324 1672 377 1693 11111
394 1662 451 1693 das
467 1661 553 1693 Volk
571 1671 645 1691 vom
659 1660 866 1692 Abstimmen

196 1707 279 1738 iiber
307 1707 510 1746 missliebige
536 1705 681 1737 Gcsetze
705 1705 866 1736 abzuhal-

196 1757 270 1792 ten,
296 1762 323 1784 5.
348 1763 375 1784 c.
403 1752 456 1791 24,
476 1752 512 1789 23
537 1751 596 1782 Dio
616 1751 708 1782 Cass.
728 1748 792 1790 frg.
811 1749 865 1791 20,

201 1797 227 1828 1.
246 1815 291 1820 ——
308 1807 439 1835 coram,
464 1796 666 1835 Angesichts
691 1796 751 1826 der
770 1795 867 1826 Men-

197 1843 309 1882 schen,
325 1852 408 1882 ganz
419 1842 599 1873 iiffentlich.
613 1859 657 1864 —
669 1851 865 1884 personare,

197 1888 269 1918 hier
287 1888 374 1927 lant,
395 1887 544 1918 liirmend
563 1884 790 1924 1·ufen‚dal1e1·
807 1886 866 1917 der

196 1942 264 1963 acc.
283 1943 309 1963 c
336 1931 783 1971 inf,sonstwiederl1allen
802 1941 866 1961 von

197 1975 869 2018 (1611106167,6,12,ο(161·(16111665ριό-

197 2023 321 2053 chenen
346 2022 399 2058 41,
422 2021 451 2058 2,
494 1986 864 2061 ,vg1.Tau.Ann.p,14

200 2067 251 2098 15.
267 2084 312 2089 —-
327 2067 502 2108 fabulam,
526 2076 562 2096 es
581 2066 692 2096 werde
712 2066 784 2096 eine
803 2064 867 2096 Co-

196 2112 305 2143 mo'die
320 2111 480 2153 gespielt3
501 2112 560 2141 der
573 2110 704 2152 Tropus
720 2110 798 2140 wird
813 2110 867 2141 bei

194 2159 313 2202 pattes
337 2157 401 2187 und
426 2159 502 2187 arte
525 2155 615 2187 elude
629 2154 863 2195 festgehalten,

197 2212 224 2233 s.
244 2202 347 2243 praef.
368 2202 404 2241 93
424 2201 545 2232 anders
564 2212 590 2231 1.
611 2200 664 2237 44,
680 2200 710 2239 9,
729 2200 796 2240 vgl.
810 2199 864 2240 40,

200 2246 249 2289 12,
265 2246 293 2279 8.
310 2265 352 2269 —
371 2258 450 2277 ne
467 2245 601 2288 quidem
615 2256 676 2276 vor
689 2245 773 2285 sed,
779 2244 867 2285 ‚kei-

198 2294 381 2332 neswegs‘
385 2316 393 2323 .
426 2294 559 2329 v‘wtute,
579 2291 679 2322 durch
698 2291 865 2322 eutschie-

197 2339 318 2377 denes,
355 2337 568 2376 energiscbes
597 2333 786 2367 Austreten.
829 2333 864 2366 In

198 2383 258 2413 der
267 2382 353 2413 That
368 2382 490 2412 kommt
505 2392 540 2412 es
551 2382 718 2412 nichtzum
728 2379 863 2420 Hriege.

146 2454 148 2456 ,
198 2446 243 2450 -
260 2427 428 2458 occidione
440 2446 462 2448 —
477 2427 585 2466 occisi,
606 2426 800 2457 bezeichnet
815 2426 865 2457 bei

198 2472 237 2504 L.
263 2470 311 2503 oft
335 2472 385 2503 die
412 2472 531 2512 vo'llige
550 2471 768 2512 Niederlage,
793 2471 865 2502 hier

200 2518 384 2559 entspricbt
401 2527 436 2548 es
455 2519 584 2548 accisae
601 2527 667 2548 res.

248 2562 378 2593 12-13.
409 2564 490 2604 geri
511 2563 593 2593 ohne
616 2561 692 2601 sed,
718 2572 744 2592 s.
764 2572 791 2593 c.
811 2560 865 2604 46,

200 2607 237 2646 33
264 2607 323 2648 71,
342 2607 379 2646 63
408 2609 434 2647 1,
453 2607 505 2648 25,
525 2606 555 2640 3.
579 2625 622 2630 -—
645 2607 865 2649 relegatione,

939 1492 966 1513 s.
989 1480 1082 1513 Fest.
1108 1491 1139 1522 p.
1164 1479 1182 1511 2
1188 1479 1246 1511 78:
1275 1478 1370 1532 ν6163·
1372 1480 1423 1510 ati
1447 1478 1606 1511 dz'czmtur

936 1527 1075 1570 proprie
1092 1527 1210 1567 quibus
1227 1525 1435 1566 zmgnomzniae
1450 1526 1511 1556 aut
1526 1534 1607 1567 poe-

938 1582 1001 1603 nae
1018 1581 1121 1602 causa
1133 1581 1268 1601 necesse
1282 1572 1335 1601 est
1346 1571 1388 1601 ab
1401 1579 1444 1600 ur
1447 1570 1485 1600 be
1498 1568 1609 1601 Roma

938 1635 960 1638 —
981 1618 1100 1648 abesse
1131 1616 1205 1657 lege
1234 1616 1433 1656 senatmque
1455 1614 1606 1646 consulto

939 1664 1001 1692 aut
1022 1660 1128 1693 edicto
1151 1661 1393 1702 magt-stratus.
1427 1659 1487 1690 Die
1505 1658 1606 1690 Rele-

939 1707 1051 1746 gation
1070 1706 1185 1736 wurde
1200 1715 1261 1736 zur
1278 1704 1355 1736 Zeit
1372 1705 1432 1735 der
1443 1703 1607 1746 Republik

925 1751 1067 1793 seiten,
1092 1751 1156 1781 und
1181 1751 1274 1781 mehr
1297 1750 1380 1781 iiber
1402 1749 1606 1789 Peregrinen

939 1796 989 1827 als
1015 1796 1098 1827 iiber
1122 1795 1249 1834 Biirger
1273 1795 1452 1833 verh‘a'ngt,
1479 1805 1505 1825 s.
1524 1794 1555 1834 4,
1573 1794 1605 1832 4,

940 1841 976 1880 63
992 1840 1108 1880 40,-11,
1121 1840 1179 1879 1ος
1195 1839 1260 1871 Cic.
1275 1839 1363 1870 Sest.
1377 1839 1433 1878 123
1449 1839 1551 1870 daher
1565 1840 1609 1871 ist

940 1887 988 1917 sie
1006 1896 1035 1917 a.
1053 1897 1085 1917 u.
1104 1885 1152 1916 St.
1172 1895 1233 1915 nur
1250 1895 1311 1915 zur
1328 1883 1531 1924 Steigerung
1549 1885 1607 1916 des

940 1930 1099 1971 Begriffes
1124 1930 1183 1961 mit
1205 1929 1308 1961 eoeillo
1334 1929 1540 1960 verbunden.
1563 1947 1608 1952 ——

940 1977 1067 2017 togati,
1094 1974 1283 2014 Gegensatz
1301 1985 1342 2005 zu
1361 1977 1534 2006 oneratam
1552 1985 1609 2006 ar-

938 2023 1017 2061 mis,
1044 2019 1102 2061 22,
1121 2019 1174 2060 38,
1193 2020 1231 2050 9;
1257 2019 1323 2050 Cic.
1344 2019 1408 2050 Pis.
1429 2019 1488 2050 30:
1512 2021 1607 2062 pacis

940 2068 991 2097 est
1012 2067 1146 2106 insigne
1169 2068 1202 2096 et
1219 2066 1282 2096 otii
1300 2067 1391 2105 toga.
1415 2082 1459 2087 —-—
1482 2067 1607 2103 actvm,

938 2110 1168 2150 beabsichtigt.
1186 2129 1226 2132 —
1245 2120 1335 2152 poss.
1354 2111 1461 2150 urbis,
1480 2110 1521 2141 im
1540 2108 1608 2142 Ge-

939 2160 1099 2196 gensatze
1130 2166 1171 2186 zu
1193 2155 1374 2196 relegatio,
1402 2159 1495 2196 passt
1518 2155 1608 2186 nicht

939 2211 1023 2241 ganz
1038 2199 1157 2231 aufdie
1172 2198 1304 2231 friihere
1320 2199 1429 2239 Plebs,
1444 2200 1494 2231 die
1509 2200 1607 2231 meist

938 2256 998 2277 aus
1018 2246 1145 2276 Bauern
1163 2245 1313 2276 hestand.

986 2285 1053 2323 11.
1089 2291 1116 2322 1.
1142 2293 1173 2322 1'71
1193 2293 1372 2334 conspectu
1388 2288 1446 2321 auf
1457 2290 1528 2321 dem
1543 2289 1607 2321 Co-

937 2337 1074 2375 mitium,
1095 2335 1125 2375 2,
1140 2335 1193 2368 28.
1207 2355 1252 2359 —
1265 2335 1354 2367 sellis
1374 2346 1404 2366 n.
1420 2334 1604 2367 curulibus.

937 2400 981 2404 —
995 2382 1172 2421 habebant,
1187 2381 1235 2412 516
1250 2381 1377 2420 fiengen
1388 2390 1440 2420 an,
1456 2381 1606 2412 macbteu

938 2428 1032 2458 einen
1053 2425 1215 2458 Versuch.
1242 2445 1274 2449 —
1307 2426 1511 2466 decurrunt,
1539 2435 1604 2456 von

937 2473 999 2503 den
1024 2473 1165 2503 hoheren
1185 2471 1307 2511 Orten,
1328 2482 1378 2501 wo
1397 2472 1444 2502 sie
1463 2481 1605 2512 gespro-

938 2518 1019 2548 611611
1038 2517 1153 2548 haben.
1171 2535 1217 2539 —
1230 2518 1345 2559 pauci,
1365 2516 1416 2547 die
1434 2515 1604 2547 Tribunen

937 2563 1160 2594 widersetzen
1185 2562 1253 2593 sich
1278 2562 1367 2592 nicht
1390 2561 1449 2592 der
1471 2561 1605 2592 Anord-

938 2617 1025 2647 nung
1040 2607 1156 2646 selbst,
1173 2607 1316 2639 sondern
1325 2604 1606 2647 derAusfiihrung
