1698 2864
120 292 146 310 a.
168 285 221 311 ch.
241 286 304 310 447.
319 285 393 325 445„
582 272 709 306 Lmen
726 271 781 305 111.
825 272 918 305 CAP.
939 272 992 305 60.
1011 272 1067 305 67.
1443 248 1515 313 131

118 390 207 417 nem
235 376 385 428 agmine
411 375 506 422 iere,
535 375 738 423 Quinctius
767 375 903 414 consul
925 374 970 413 ad
994 375 1216 414 contionem
1238 376 1428 427 populum
1450 389 1520 414 vo-

118 435 225 473 cavit.

228 489 283 528 Ibi
310 489 348 527 in
376 489 476 528 hanc
505 488 736 527 sententiam
759 487 930 527 locutum
953 487 1118 538 accipio:
1142 487 1240 534 „etsi
1262 488 1358 526 mihi
1379 488 1521 527 nullius
1550 489 1602 528 67

117 557 241 584 noxae
256 545 449 590 conscius,
467 544 649 592 Quirites,
668 557 766 591 sum,
782 550 911 583 tamen
930 556 1016 583 cum
1035 544 1184 595 pudore
1201 556 1355 582 summo
1369 545 1408 582 in
1426 557 1521 583 con-

115 602 263 641 tionem
289 607 454 641 vestram
476 601 663 652 processi.
705 601 779 639 hoc
799 613 868 639 vos
891 601 1006 646 scire,
1028 601 1102 639 hoc
1123 600 1292 651 posteris
1315 601 1525 639 memoriae

116 658 301 698 traditum
334 658 397 703 iri,
426 660 581 709 Aequos
611 663 649 696 et
676 658 856 705 Volscos,
883 657 941 696 vix
969 657 1145 696 Hernicis
1169 657 1288 695 modo
1318 669 1451 706 pares,
1479 657 1522 695 T.

117 715 300 763 Quinctio
323 721 502 766 quartum
522 714 684 753 consule
707 714 753 753 ad
772 714 924 753 moenia
946 713 1052 753 urbis
1071 714 1217 753 Romae
1234 713 1380 765 inpune
1396 725 1524 752 arma—

115 778 178 810 tos
201 770 369 810 venisse!
392 772 490 811 hanc
507 783 576 822 ego
594 770 858 822 ignominiam,
876 783 1110 822 quamquam
1128 771 1204 809 iam
1223 770 1288 808 diu
1304 770 1355 809 ita
1372 770 1521 815 vivitur,
1553 776 1572 808 2

117 829 149 866 is
172 833 295 867 status
317 840 446 867 rerum
469 833 538 868 est.
559 834 601 866 ut
621 827 713 866 nihil
734 827 826 866 boni
849 827 989 866 divinet
1010 828 1176 872 animus,
1199 826 1231 865 si
1252 827 1341 865 huic
1361 826 1524 878 potissi-

117 897 224 923 mum
252 885 454 924 imminere
482 896 582 923 anno
605 884 787 931 scissem,
816 884 872 922 vel
894 884 1004 923 exilio
1027 883 1085 922 vel
1112 888 1257 926 morte,
1287 883 1319 921 si
1341 883 1412 922 alia
1432 883 1524 933 fuga

116 941 280 980 honoris
310 953 391 980 non
421 947 541 987 esset,
571 941 762 980 vitassem.
803 952 894 990 ergo
926 941 957 978 si
984 940 1051 978 viri
1076 952 1181 979 arma
1203 940 1262 978 illa
1283 939 1522 983 habuissent,
1553 946 1572 977 3

119 1010 214 1048 quae
249 998 288 1036 in
323 998 446 1048 portis
475 998 583 1036 fuere
617 998 784 1043 nostris,
821 997 905 1047 capi
941 997 1065 1035 Roma
1100 1009 1162 1034 me
1192 995 1351 1034 consule
1379 994 1521 1046 potuit!

117 1054 210 1092 satis
232 1054 440 1101 honorum,
462 1053 553 1092 satis
575 1065 768 1104 superque
789 1052 887 1091 vitae
909 1058 1007 1100 erat,
1030 1053 1129 1090 mori
1149 1052 1348 1091 consulem
1366 1052 1523 1090 tertium

117 1110 300 1161 oportuit.
343 1122 456 1161 quem
484 1110 640 1149 tandem
668 1109 905 1160 ignavissimi
934 1109 1106 1148 hostium
1130 1106 1428 1158 contempsere?
1449 1120 1523 1146 nos
1553 1116 1574 1148 4

117 1167 294 1206 consules
317 1179 365 1206 an
396 1179 483 1213 vos,
506 1164 708 1214 Quirites?
738 1166 770 1204 si
799 1166 909 1217 culpa
930 1166 969 1204 in
997 1165 1110 1204 nobis
1134 1171 1208 1211 est,
1230 1165 1375 1204 auferte
1397 1164 1522 1216 impe-

117 1224 218 1262 rium
241 1223 420 1274 indignis,
446 1229 494 1269 et,
518 1224 548 1262 si
572 1223 608 1262 id
630 1235 766 1274 parum
790 1227 859 1269 est,
881 1223 1039 1274 insuper
1060 1234 1204 1273 poenas
1227 1221 1410 1272 expetite3
1433 1221 1463 1260 si
1484 1221 1522 1259 in
1554 1228 1572 1258 5

119 1279 238 1326 vobis,
260 1292 374 1318 nemo
399 1280 559 1319 deorum
577 1292 649 1319 nec
671 1279 874 1318 hominum
894 1279 955 1324 sit,
980 1279 1045 1330 qui
1063 1284 1186 1317 vestra
1204 1278 1337 1329 puniat
1354 1282 1522 1328 peccata,

120 1336 308 1383 Quirites,
329 1342 480 1375 vosmet
500 1342 649 1375 tantum
673 1348 808 1375 eorum
831 1336 1033 1387 paeniteat.
1065 1347 1145 1374 non
1163 1335 1212 1374 illi
1230 1340 1395 1373 vestram
1414 1334 1523 1384 igna-

119 1393 214 1432 viam
239 1397 520 1444 contempsere,
537 1405 608 1431 nec
635 1405 726 1432 suae
748 1392 877 1431 virtuti
901 1392 1037 1431 conlisi
1067 1397 1176 1431 sunt:
1206 1391 1349 1442 quippe
1380 1391 1523 1429 totiens

116 1449 191 1488 fusi
213 1449 420 1500 fugatique,
444 1449 579 1488 castris
602 1449 715 1496 exuti,
737 1461 829 1500 agro
852 1450 1014 1495 multati,
1039 1449 1110 1488 sub
1133 1448 1264 1498 iugum
1284 1447 1408 1494 missi,
1431 1452 1467 1485 et
1483 1459 1524 1486 se

119 1510 156 1544 et
175 1518 244 1544 vos
266 1518 420 1544 novere.
462 1506 654 1545 discordia
677 1505 858 1545 ordInum
881 1511 940 1545 est
960 1518 1151 1544 venenum
1174 1504 1282 1544 urbis
1305 1504 1432 1550 huius,
1454 1516 1523 1554 pa-
1552 1512 1573 1543 6

117 1568 220 1600 trum
251 1575 294 1601 ac
322 1562 441 1613 plebis
471 1563 692 1601 certamina.
733 1562 826 1601 dum
855 1574 927 1601 nec
947 1562 1060 1601 nobis
1083 1561 1234 1612 imperii
1256 1573 1327 1599 nec
1346 1559 1455 1598 vobis
1477 1560 1524 1598 li-

118 1619 273 1658 bertatis
296 1624 355 1657 est
375 1619 529 1665 modus,
554 1619 645 1658 dum
667 1619 794 1658 taedet
813 1631 881 1657 vos
904 1619 1169 1670 patriciorum,
1192 1630 1264 1656 nos
1283 1617 1522 1669 plebeiorum

163 1747 231 1787 67.
260 1753 353 1785 1-3.
377 1756 518 1797 accipio,
545 1765 571 1785 s.
597 1754 730 1785 Einleit.
750 1753 784 1785 S.

117 1798 178 1838 283
204 1799 285 1830 oben
305 1809 333 1831 c.
351 1799 404 1839 39,
430 1800 464 1837 13
483 1810 511 1831 c.
530 1799 580 1838 70,
603 1799 661 1837 143
680 1798 733 1836 69,
753 1798 784 1830 8.

115 1845 232 1876 —lzos
249 1855 309 1876 vos
325 1854 381 1885 sc„
401 1844 438 1876 Z.
457 1843 478 1886 ξ
497 1844 630 1876 609An.
645 1863 688 1867 -—
701 1844 784 1876 Her-

115 1890 220 1928 nicis,
246 1900 272 1920 3.
290 1890 437 1929 dagegen
463 1900 490 1921 c.
514 1889 550 1931 6,
575 1889 604 1920 7.
623 1907 667 1912 —
683 1891 784 1921 inmi-

115 1945 194 1967 nere
212 1939 286 1975 etc„
306 1944 332 1966 s.
352 1934 417 1966 Cic.
433 1933 503 1967 Cat.
526 1934 553 1974 1,
575 1933 626 1971 13,
645 1933 782 1976 3l:fu—

115 1982 206 2012 roris
227 1982 409 2012 maturitas
432 1982 466 2011 in
490 1981 604 2011 nostrl
625 1979 781 2011 consula-

115 2028 170 2057 tus
189 2029 321 2068 tempus
340 2027 462 2069 erupit.
478 2026 625 2067 —suga
641 2043 664 2047 —
680 2027 781 2064 esset,

116 2080 143 2100 3.
161 2070 189 2112 1,
207 2070 260 2110 56,
275 2069 460 2112 3.—erg·o,
480 2071 519 2101 da
534 2071 583 2102 sie
597 2080 661 2101 von
676 2068 782 2101 freien

115 2115 261 2146 Stiieken
291 2115 480 2155 abgezogen
510 2116 596 2154 sind,
626 2125 662 2146 so
692 2125 781 2146 muss

117 2160 168 2191 ich
185 2160 379 2199 sohliessen,
398 2161 474 2192 dass
488 2170 583 2191 wenn
598 2171 630 2192 u.
646 2171 671 2191 s.
688 2170 783 2192 w.—

116 2206 205 2237 vz'tae
228 2205 328 2245 h'a'ngt
351 2215 413 2236 von
433 2207 518 2237 satis
537 2205 596 2245 ab,
621 2216 662 2236 zu
679 2216 783 2249 super·

117 2251 160 2282 ist
177 2261 276 2292 quam
292 2253 378 2282 satis
402 2261 442 2281 zu
461 2251 644 2290 ergiinzen,
669 2250 704 2290 2,
728 2251 783 2293 42,

116 2295 135 2325 6
153 2306 184 2327 n.
204 2306 233 2327 a.
251 2314 296 2319 —
314 2297 386 2335 riri,
405 2306 430 2327 3.
454 2295 482 2335 1,
501 2295 555 2333 41,
574 2295 604 2326 3.
623 2313 665 2318 —
683 2299 785 2338 mori,

115 2341 209 2372 dabei
227 2341 351 2372 konnte
369 2352 422 2372 me
440 2351 492 2372 um
511 2351 547 2372 so
566 2341 644 2372 eher
660 2338 782 2382 fehlen,

113 2385 314 2463 {lsssesfizben
330 2396 624 2426 vorausgegangen
642 2386 696 2425 ist,
713 2386 781 2426 vgl.

138 2455 146 2470 ‚
187 2457 195 2472 ,
237 2452 243 2461 2
262 2456 269 2463 .

162 2521 222 2552 4-
244 2521 274 2553 6.
306 2522 378 2554 Nur
410 2522 461 2553 die
491 2521 694 2553 Zwietracht
726 2521 785 2552 der

118 2565 239 2598 Ro‘mer
261 2567 352 2607 giebt
376 2568 436 2598 den
459 2567 604 2598 Feinden
626 2565 786 2597 Muta.—

115 2615 336 2654 ignavissimi,
355 2623 380 2644 s.
393 2613 524 2644 Einleit.
539 2612 571 2642 S.
592 2611 644 2642 33.
663 2630 705 2634 —
723 2622 785 2642 nos

117 2668 221 2698 cons„
239 2658 304 2698 vgl.
325 2657 391 2689 Cic.
411 2658 431 2689 l.
458 2658 477 2689 l.
500 2656 599 2688 12ff.:
619 2656 679 2696 34,
698 2656 732 2697 2,
751 2656 782 2687 6.

121 2720 166 2726 —
182 2703 334 2745 auser-te,
359 2703 566 2734 rhetorische
594 2701 787 2734 Uebertrei-

858 1754 954 1794 hung,
974 1764 1000 1785 s.
1020 1764 1046 1785 c.
1066 1753 1119 1792 29,
1138 1753 1175 1791 23
1201 1753 1231 1791 2,
1251 1751 1279 1793 2,
1301 1752 1357 1789 1ος
1383 1752 1442 1783 der
1459 1751 1525 1782 Da-

858 1797 1310 1838 tivwie1‚16‚1:6‚15‚
1334 1796 1391 1836 13,
1408 1796 1474 1836 vgl.
1493 1796 1524 1834 4,

859 1844 887 1883 l,
902 1844 939 1882 53
959 1844 989 1882 5,
1005 1843 1058 1881 49,
1077 1843 1159 1874 1.—
1172 1845 1212 1882 si,
1231 1841 1525 1880 ohneAndeutung

856 1890 914 1920 des
940 1888 1183 1929 Gegensatzes,
1214 1897 1265 1918 wo
1295 1897 1368 1917 man
1391 1887 1444 1917 sin
1469 1896 1523 1917 er-

856 1938 995 1971 wartet‚
1019 1933 1088 1974 vgl.
1112 1932 1172 1973 23,
1201 1932 1256 1969 18,
1284 1932 1317 1962 1:
1342 1933 1465 1963 si—-sz'
1491 1932 1524 1962 in

855 1981 1027 2023 pertinaci
1052 1980 1219 2020 perstent,
1250 1977 1309 2016 29,
1340 1976 1398 2014 20,
1433 1975 1463 2007 8.
1480 1994 1526 1998 —

855 2035 943 2066 agro
961 2035 1023 2065 m.,
1048 2023 1083 2063 2,
1107 2023 1169 2062 25,
1192 2022 1223 2054 6.
1242 2040 1286 2045 —-
1302 2023 1364 2053 sub
1382 2025 1471 2062 iug.,
1496 2022 1526 2062 3,

857 2070 910 2101 28.
933 2088 977 2092 -
1000 2068 1169 2101 de'scordia
1187 2087 1209 2090 -
1229 2070 1368 2099 ceriam.
1395 2065 1525 2098 euthal—

856 2120 912 2147 ten
931 2115 992 2146 den
1013 2113 1295 2156 Hauptgedanken
1318 2113 1377 2143 der
1393 2109 1527 2151 folgen-

856 2161 916 2192 den
927 2158 1151 2199 Ausfiihrung,
1167 2169 1202 2190 es
1218 2158 1303 2189 kann
1320 2158 1421 2188 daher
1436 2157 1526 2188 nicht

855 2204 1025 2244 auffallen,
1041 2205 1117 2236 dass
1132 2202 1331 2235 derRedner
1345 2202 1524 2234 denselben

856 2256 971 2282 zuerst
1000 2250 1208 2289 selbsuindig
1236 2249 1299 2280 und
1330 2248 1387 2279 mit
1416 2246 1525 2278 Nach-

855 2296 958 2327 druck
976 2295 1140 2333 hinstellt,
1159 2305 1186 2325 s.
1201 2293 1232 2333 2,
1251 2294 1304 2332 44,
1323 2293 1352 2327 8,
1370 2293 1435 2323 und
1453 2296 1525 2322 erst

855 2342 907 2372 die
920 2341 1009 2382 jetzt
1027 2341 1148 2380 gerade
1166 2339 1403 2377 vorliegenden
1423 2336 1525 2368 That-

856 2388 994 2424 sachen,
1016 2387 1047 2417 in
1066 2386 1171 2417 denen
1191 2385 1241 2416 die
1261 2382 1431 2415 discor-cisa
1448 2382 1525 2412 her-

855 2432 1005 2470 vortritt,
1029 2431 1078 2462 als
1098 2430 1212 2462 Grund
1235 2430 1293 2459 des
1310 2427 1440 2459 Muthes
1466 2427 1526 2457 der

856 2476 981 2508 Feinde
996 2477 1199 2515 bezeichnet,
1214 2474 1278 2504 wie
1289 2484 1314 2504 c.
1326 2472 1377 2511 66,
1393 2472 1411 2502 3
1424 2472 1525 2503 sehon

857 2522 908 2553 die
950 2522 1180 2553 Contionen
1216 2520 1309 2550 ihnen
1354 2518 1411 2548 dus
1446 2516 1526 2547 Zei-

858 2568 938 2598 chen
958 2578 1031 2598 zum
1050 2564 1316 2605 Angriffgeben3
1342 2572 1377 2593 es
1397 2561 1526 2592 scheint

858 2612 959 2643 daber
976 2612 1179 2651 wenigstens
1203 2609 1290 2639 nicht
1315 2607 1526 2646 nolhwendig

859 2668 900 2688 zu
924 2658 1046 2689 'andern
1072 2655 1152 2688 disc.
1173 2654 1244 2685 ord.
1270 2655 1302 2685 et
1326 2662 1486 2684 venenum
1504 2670 1526 2673 —

858 2702 923 2734 illis
941 2704 1083 2733 animos.

1217 2755 1260 2786 9*
