<?xml version="1.0" encoding="UTF-8"?>
<!DOCTYPE html PUBLIC "-//W3C//DTD XHTML 1.0 Transitional//EN"
    "http://www.w3.org/TR/xhtml1/DTD/xhtml1-transitional.dtd">
<html xmlns="http://www.w3.org/1999/xhtml" xml:lang="en" lang="en">
 <head>
  <title>
</title>
<meta http-equiv="Content-Type" content="text/html;charset=utf-8" />
  <meta name='ocr-system' content='tesseract 3.04.00' />
  <meta name='ocr-capabilities' content='ocr_page ocr_carea ocr_par ocr_line ocrx_word'/>
</head>
<body>
  <div class='ocr_page' id='page_1' title='image "./aburbeconditalib0102livyuoft_0650.png"; bbox 0 0 1698 2864; ppageno 0'>
   <div class='ocr_carea' id='block_1_1' title="bbox 113 1163 152 1195">
    <p class='ocr_par' dir='ltr' id='par_1_1' title="bbox 113 1163 152 1195">
     <span class='ocr_line' id='line_1_1' title="bbox 113 1163 152 1195; baseline -0.051 0"><span class='ocrx_word' id='word_1_1' title='bbox 113 1163 152 1195; x_wconf 93' lang='lat'><strong>10</strong></span> 
     </span>
    </p>
   </div>
   <div class='ocr_carea' id='block_1_2' title="bbox 109 1332 147 1364">
    <p class='ocr_par' dir='ltr' id='par_1_2' title="bbox 109 1332 147 1364">
     <span class='ocr_line' id='line_1_2' title="bbox 109 1332 147 1364; baseline 0 0"><span class='ocrx_word' id='word_1_2' title='bbox 109 1332 147 1364; x_wconf 89' lang='lat'><strong>11</strong></span> 
     </span>
    </p>
   </div>
   <div class='ocr_carea' id='block_1_3' title="bbox 111 1441 149 1473">
    <p class='ocr_par' dir='ltr' id='par_1_3' title="bbox 111 1441 149 1473">
     <span class='ocr_line' id='line_1_3' title="bbox 111 1441 149 1473; baseline 0 0"><span class='ocrx_word' id='word_1_3' title='bbox 111 1441 149 1473; x_wconf 88' lang='lat'><strong>12</strong></span> 
     </span>
    </p>
   </div>
   <div class='ocr_carea' id='block_1_4' title="bbox 187 211 1089 253">
    <p class='ocr_par' dir='ltr' id='par_1_4' title="bbox 187 211 1089 253">
     <span class='ocr_line' id='line_1_4' title="bbox 187 211 1089 253; baseline -0.008 0"><span class='ocrx_word' id='word_1_4' title='bbox 187 215 264 253; x_wconf 82' lang='lat'><strong>120</strong></span> <span class='ocrx_word' id='word_1_5' title='bbox 671 211 799 245; x_wconf 83' lang='lat' dir='ltr'>LIBER</span> <span class='ocrx_word' id='word_1_6' title='bbox 822 212 874 245; x_wconf 83' lang='lat'><strong>111.</strong></span> <span class='ocrx_word' id='word_1_7' title='bbox 924 212 1016 246; x_wconf 88' lang='lat' dir='ltr'><strong>CAP.</strong></span> <span class='ocrx_word' id='word_1_8' title='bbox 1034 213 1089 246; x_wconf 89' lang='grc'><strong>61.</strong></span> 
     </span>
    </p>
   </div>
   <div class='ocr_carea' id='block_1_5' title="bbox 1431 224 1587 251">
    <p class='ocr_par' dir='ltr' id='par_1_5' title="bbox 1431 224 1587 251">
     <span class='ocr_line' id='line_1_5' title="bbox 1431 224 1587 251; baseline 0.026 -4"><span class='ocrx_word' id='word_1_9' title='bbox 1431 229 1457 247; x_wconf 78' lang='lat' dir='ltr'><strong>a.</strong></span> <span class='ocrx_word' id='word_1_10' title='bbox 1479 230 1506 248; x_wconf 89' lang='lat' dir='ltr'><strong>u.</strong></span> <span class='ocrx_word' id='word_1_11' title='bbox 1527 224 1587 251; x_wconf 86' lang='lat'><strong>305.</strong></span> 
     </span>
    </p>
   </div>
   <div class='ocr_carea' id='block_1_6' title="bbox 178 313 1589 1544">
    <p class='ocr_par' dir='ltr' id='par_1_6' title="bbox 182 313 1589 1318">
     <span class='ocr_line' id='line_1_6' title="bbox 182 313 1588 367; baseline 0.002 -16"><span class='ocrx_word' id='word_1_12' title='bbox 182 313 335 352; x_wconf 84' lang='lat' dir='ltr'><strong>milibus</strong></span> <span class='ocrx_word' id='word_1_13' title='bbox 364 313 538 351; x_wconf 88' lang='lat' dir='ltr'><strong>hostium</strong></span> <span class='ocrx_word' id='word_1_14' title='bbox 561 314 773 364; x_wconf 89' lang='lat' dir='ltr'><strong>periculum</strong></span> <span class='ocrx_word' id='word_1_15' title='bbox 801 315 896 354; x_wconf 85' lang='lat' dir='ltr'><strong>fore.</strong></span> <span class='ocrx_word' id='word_1_16' title='bbox 943 314 1046 353; x_wconf 84' lang='lat' dir='ltr'><strong>nolle</strong></span> <span class='ocrx_word' id='word_1_17' title='bbox 1076 314 1257 362; x_wconf 84' lang='lat' dir='ltr'><strong>ominari,</strong></span> <span class='ocrx_word' id='word_1_18' title='bbox 1287 326 1383 366; x_wconf 85' lang='lat' dir='ltr'><strong>quae</strong></span> <span class='ocrx_word' id='word_1_19' title='bbox 1404 327 1476 354; x_wconf 91' lang='lat' dir='ltr'><strong>nec</strong></span> <span class='ocrx_word' id='word_1_20' title='bbox 1494 316 1588 367; x_wconf 88' lang='lat' dir='ltr'><strong>Iup-</strong></span> 
     </span>
     <span class='ocr_line' id='line_1_7' title="bbox 182 369 1587 422; baseline 0.002 -14"><span class='ocrx_word' id='word_1_21' title='bbox 182 370 282 421; x_wconf 87' lang='lat' dir='ltr'><strong>piter</strong></span> <span class='ocrx_word' id='word_1_22' title='bbox 303 381 374 408; x_wconf 87' lang='lat' dir='ltr'><strong>nec</strong></span> <span class='ocrx_word' id='word_1_23' title='bbox 396 369 497 408; x_wconf 83' lang='lat' dir='ltr'><strong>Mars</strong></span> <span class='ocrx_word' id='word_1_24' title='bbox 519 375 625 420; x_wconf 88' lang='lat' dir='ltr'><strong>pater</strong></span> <span class='ocrx_word' id='word_1_25' title='bbox 646 371 799 422; x_wconf 85' lang='lat' dir='ltr'><strong>passuri</strong></span> <span class='ocrx_word' id='word_1_26' title='bbox 820 371 899 409; x_wconf 87' lang='lat' dir='ltr'><strong>sint</strong></span> <span class='ocrx_word' id='word_1_27' title='bbox 919 371 964 409; x_wconf 91' lang='lat' dir='ltr'><strong>iis</strong></span> <span class='ocrx_word' id='word_1_28' title='bbox 986 370 1168 421; x_wconf 82' lang='lat' dir='ltr'><strong>auspiciis</strong></span> <span class='ocrx_word' id='word_1_29' title='bbox 1192 371 1367 410; x_wconf 85' lang='lat' dir='ltr'><strong>conditae</strong></span> <span class='ocrx_word' id='word_1_30' title='bbox 1386 371 1472 410; x_wconf 92' lang='lat' dir='ltr'><strong>urbi</strong></span> <span class='ocrx_word' id='word_1_31' title='bbox 1489 372 1587 411; x_wconf 89' lang='lat' dir='ltr'><strong>acci-</strong></span> 
     </span>
     <span class='ocr_line' id='line_1_8' title="bbox 184 425 1586 477; baseline 0.002 -13"><span class='ocrx_word' id='word_1_32' title='bbox 184 426 286 464; x_wconf 82' lang='lat' dir='ltr'><strong>dere.</strong></span> <span class='ocrx_word' id='word_1_33' title='bbox 339 425 515 464; x_wconf 87' lang='lat' dir='ltr'><strong>Aventini</strong></span> <span class='ocrx_word' id='word_1_34' title='bbox 552 426 736 477; x_wconf 80' lang='lat' dir='ltr'><strong>Sacrique</strong></span> <span class='ocrx_word' id='word_1_35' title='bbox 766 427 911 465; x_wconf 90' lang='lat' dir='ltr'><strong>montis</strong></span> <span class='ocrx_word' id='word_1_36' title='bbox 947 427 1201 474; x_wconf 88' lang='lat' dir='ltr'><strong>admonebat,</strong></span> <span class='ocrx_word' id='word_1_37' title='bbox 1235 432 1296 474; x_wconf 92' lang='lat' dir='ltr'><strong>ut,</strong></span> <span class='ocrx_word' id='word_1_38' title='bbox 1338 427 1400 466; x_wconf 92' lang='lat' dir='ltr'><strong>ubi</strong></span> <span class='ocrx_word' id='word_1_39' title='bbox 1433 427 1586 467; x_wconf 84' lang='lat' dir='ltr'><strong>libertas</strong></span> 
     </span>
     <span class='ocr_line' id='line_1_9' title="bbox 183 482 1588 534; baseline 0.002 -14"><span class='ocrx_word' id='word_1_40' title='bbox 183 487 292 533; x_wconf 84' lang='lat' dir='ltr'><strong>parta</strong></span> <span class='ocrx_word' id='word_1_41' title='bbox 322 488 426 520; x_wconf 88' lang='lat' dir='ltr'><strong>esset</strong></span> <span class='ocrx_word' id='word_1_42' title='bbox 446 482 577 532; x_wconf 79' lang='lat' dir='ltr'><strong>paucis</strong></span> <span class='ocrx_word' id='word_1_43' title='bbox 607 489 693 521; x_wconf 87' lang='lat' dir='ltr'><strong>ante</strong></span> <span class='ocrx_word' id='word_1_44' title='bbox 715 483 930 528; x_wconf 88' lang='lat' dir='ltr'><strong>mensibus,</strong></span> <span class='ocrx_word' id='word_1_45' title='bbox 953 495 997 521; x_wconf 92' lang='lat' dir='ltr'><strong>eo</strong></span> <span class='ocrx_word' id='word_1_46' title='bbox 1020 483 1223 534; x_wconf 89' lang='lat' dir='ltr'><strong>imperium</strong></span> <span class='ocrx_word' id='word_1_47' title='bbox 1246 483 1443 523; x_wconf 88' lang='lat' dir='ltr'><strong>inlibatum</strong></span> <span class='ocrx_word' id='word_1_48' title='bbox 1468 485 1588 523; x_wconf 87' lang='lat' dir='ltr'><strong>refer-</strong></span> 
     </span>
     <span class='ocr_line' id='line_1_10' title="bbox 185 539 1588 591; baseline 0.002 -15"><span class='ocrx_word' id='word_1_49' title='bbox 185 543 290 584; x_wconf 85' lang='lat' dir='ltr'><strong>rent,</strong></span> <span class='ocrx_word' id='word_1_50' title='bbox 318 539 643 588; x_wconf 77' lang='lat' dir='ltr'><strong>ostenderentque</strong></span> <span class='ocrx_word' id='word_1_51' title='bbox 678 539 838 577; x_wconf 86' lang='lat' dir='ltr'><strong>eandem</strong></span> <span class='ocrx_word' id='word_1_52' title='bbox 866 539 1034 577; x_wconf 82' lang='lat' dir='ltr'><strong>indolem</strong></span> <span class='ocrx_word' id='word_1_53' title='bbox 1068 539 1252 578; x_wconf 85' lang='lat' dir='ltr'><strong>militibus</strong></span> <span class='ocrx_word' id='word_1_54' title='bbox 1280 540 1466 579; x_wconf 85' lang='lat' dir='ltr'><strong>Romanis</strong></span> <span class='ocrx_word' id='word_1_55' title='bbox 1495 546 1588 591; x_wconf 86' lang='lat' dir='ltr'><strong>post</strong></span> 
     </span>
     <span class='ocr_line' id='line_1_11' title="bbox 185 595 1586 647; baseline 0.002 -15"><span class='ocrx_word' id='word_1_56' title='bbox 185 600 340 633; x_wconf 89' lang='lat' dir='ltr'><strong>exactos</strong></span> <span class='ocrx_word' id='word_1_57' title='bbox 373 595 612 633; x_wconf 90' lang='lat' dir='ltr'><strong>decemviros</strong></span> <span class='ocrx_word' id='word_1_58' title='bbox 641 607 745 639; x_wconf 91' lang='lat' dir='ltr'><strong>esse,</strong></span> <span class='ocrx_word' id='word_1_59' title='bbox 767 607 864 645; x_wconf 88' lang='lat' dir='ltr'><strong>quae</strong></span> <span class='ocrx_word' id='word_1_60' title='bbox 892 600 979 633; x_wconf 87' lang='lat' dir='ltr'><strong>ante</strong></span> <span class='ocrx_word' id='word_1_61' title='bbox 1002 601 1151 634; x_wconf 86' lang='lat' dir='ltr'><strong>creatos</strong></span> <span class='ocrx_word' id='word_1_62' title='bbox 1173 595 1305 643; x_wconf 88' lang='lat' dir='ltr'><strong>fuerit,</strong></span> <span class='ocrx_word' id='word_1_63' title='bbox 1327 608 1398 634; x_wconf 90' lang='lat' dir='ltr'><strong>nec</strong></span> <span class='ocrx_word' id='word_1_64' title='bbox 1418 597 1586 647; x_wconf 86' lang='lat' dir='ltr'><strong>aequatis</strong></span> 
     </span>
     <span class='ocr_line' id='line_1_12' title="bbox 183 650 1589 701; baseline 0.002 -13"><span class='ocrx_word' id='word_1_65' title='bbox 183 650 331 701; x_wconf 86' lang='lat' dir='ltr'><strong>legibus</strong></span> <span class='ocrx_word' id='word_1_66' title='bbox 354 650 584 689; x_wconf 84' lang='lat' dir='ltr'><strong>inminutam</strong></span> <span class='ocrx_word' id='word_1_67' title='bbox 610 651 785 688; x_wconf 88' lang='lat' dir='ltr'><strong>virtutem</strong></span> <span class='ocrx_word' id='word_1_68' title='bbox 810 651 941 701; x_wconf 89' lang='lat' dir='ltr'><strong>populi</strong></span> <span class='ocrx_word' id='word_1_69' title='bbox 965 651 1127 689; x_wconf 83' lang='lat' dir='ltr'><strong>Romani</strong></span> <span class='ocrx_word' id='word_1_70' title='bbox 1150 664 1247 690; x_wconf 89' lang='lat' dir='ltr'><strong>esse.</strong></span> <span class='ocrx_word' id='word_1_71' title='bbox 1290 652 1384 690; x_wconf 86' lang='lat' dir='ltr'><strong>haec</strong></span> <span class='ocrx_word' id='word_1_72' title='bbox 1403 652 1468 691; x_wconf 90' lang='lat' dir='ltr'><strong>ubi</strong></span> <span class='ocrx_word' id='word_1_73' title='bbox 1489 653 1589 691; x_wconf 90' lang='lat' dir='ltr'><strong>inter</strong></span> 
     </span>
     <span class='ocr_line' id='line_1_13' title="bbox 183 707 1588 758; baseline 0.002 -13"><span class='ocrx_word' id='word_1_74' title='bbox 183 707 291 758; x_wconf 87' lang='lat' dir='ltr'><strong>signa</strong></span> <span class='ocrx_word' id='word_1_75' title='bbox 316 708 485 758; x_wconf 87' lang='lat' dir='ltr'><strong>peditum</strong></span> <span class='ocrx_word' id='word_1_76' title='bbox 509 707 606 745; x_wconf 89' lang='lat' dir='ltr'><strong>dicta</strong></span> <span class='ocrx_word' id='word_1_77' title='bbox 629 707 745 753; x_wconf 87' lang='lat' dir='ltr'><strong>dedit,</strong></span> <span class='ocrx_word' id='word_1_78' title='bbox 776 707 930 746; x_wconf 91' lang='lat' dir='ltr'><strong>advolat</strong></span> <span class='ocrx_word' id='word_1_79' title='bbox 951 707 1088 746; x_wconf 88' lang='lat' dir='ltr'><strong>deinde</strong></span> <span class='ocrx_word' id='word_1_80' title='bbox 1109 708 1153 745; x_wconf 88' lang='lat' dir='ltr'><strong>ad</strong></span> <span class='ocrx_word' id='word_1_81' title='bbox 1177 707 1345 758; x_wconf 84' lang='lat' dir='ltr'><strong>equites:</strong></span> <span class='ocrx_word' id='word_1_82' title='bbox 1369 708 1504 758; x_wconf 84' lang='lat' dir='ltr'><strong>„agite,</strong></span> <span class='ocrx_word' id='word_1_83' title='bbox 1527 708 1588 748; x_wconf 90' lang='lat' dir='ltr'><strong>iu—</strong></span> 
     </span>
     <span class='ocr_line' id='line_1_14' title="bbox 182 763 1589 814; baseline 0.001 -13"><span class='ocrx_word' id='word_1_84' title='bbox 182 769 335 808; x_wconf 79' lang='lat' dir='ltr'><strong>venes,“</strong></span> <span class='ocrx_word' id='word_1_85' title='bbox 357 763 480 813; x_wconf 90' lang='lat' dir='ltr'><strong>inquit</strong></span> <span class='ocrx_word' id='word_1_86' title='bbox 501 767 717 812; x_wconf 86' lang='lat' dir='ltr'><strong>„praestate</strong></span> <span class='ocrx_word' id='word_1_87' title='bbox 739 763 874 801; x_wconf 90' lang='lat' dir='ltr'><strong>virtute</strong></span> <span class='ocrx_word' id='word_1_88' title='bbox 891 764 1070 814; x_wconf 86' lang='lat' dir='ltr'><strong>peditem,</strong></span> <span class='ocrx_word' id='word_1_89' title='bbox 1093 769 1134 802; x_wconf 93' lang='lat' dir='ltr'><strong>nt</strong></span> <span class='ocrx_word' id='word_1_90' title='bbox 1155 764 1303 802; x_wconf 89' lang='lat' dir='ltr'><strong>honore</strong></span> <span class='ocrx_word' id='word_1_91' title='bbox 1321 769 1433 814; x_wconf 82' lang='lat' dir='ltr'><strong>atque</strong></span> <span class='ocrx_word' id='word_1_92' title='bbox 1455 764 1589 803; x_wconf 87' lang='lat' dir='ltr'><strong>ordine</strong></span> 
     </span>
     <span class='ocr_line' id='line_1_15' title="bbox 184 819 1587 870; baseline 0.002 -14"><span class='ocrx_word' id='word_1_93' title='bbox 184 820 401 869; x_wconf 85' lang='lat' dir='ltr'><strong>praestatis.</strong></span> <span class='ocrx_word' id='word_1_94' title='bbox 457 820 585 869; x_wconf 88' lang='lat' dir='ltr'><strong>primo</strong></span> <span class='ocrx_word' id='word_1_95' title='bbox 616 831 808 857; x_wconf 85' lang='lat' dir='ltr'><strong>concursu</strong></span> <span class='ocrx_word' id='word_1_96' title='bbox 838 820 953 869; x_wconf 88' lang='lat' dir='ltr'><strong>pedes</strong></span> <span class='ocrx_word' id='word_1_97' title='bbox 983 819 1103 858; x_wconf 89' lang='lat' dir='ltr'><strong>movit</strong></span> <span class='ocrx_word' id='word_1_98' title='bbox 1130 820 1303 866; x_wconf 86' lang='lat' dir='ltr'><strong>hostem,</strong></span> <span class='ocrx_word' id='word_1_99' title='bbox 1334 820 1491 870; x_wconf 85' lang='lat' dir='ltr'><strong>pulsum</strong></span> <span class='ocrx_word' id='word_1_100' title='bbox 1518 833 1587 859; x_wconf 89' lang='lat' dir='ltr'><strong>vos</strong></span> 
     </span>
     <span class='ocr_line' id='line_1_16' title="bbox 182 875 1589 927; baseline 0.002 -15"><span class='ocrx_word' id='word_1_101' title='bbox 182 875 356 913; x_wconf 84' lang='lat' dir='ltr'><strong>inmissis</strong></span> <span class='ocrx_word' id='word_1_102' title='bbox 385 875 493 925; x_wconf 88' lang='lat' dir='ltr'><strong>equis</strong></span> <span class='ocrx_word' id='word_1_103' title='bbox 523 875 658 924; x_wconf 83' lang='lat' dir='ltr'><strong>exigite</strong></span> <span class='ocrx_word' id='word_1_104' title='bbox 686 888 706 913; x_wconf 91' lang='lat' dir='ltr'><strong>e</strong></span> <span class='ocrx_word' id='word_1_105' title='bbox 735 887 885 926; x_wconf 83' lang='lat' dir='ltr'><strong>eampo.</strong></span> <span class='ocrx_word' id='word_1_106' title='bbox 933 887 1014 914; x_wconf 91' lang='lat' dir='ltr'><strong>non</strong></span> <span class='ocrx_word' id='word_1_107' title='bbox 1044 875 1290 914; x_wconf 90' lang='lat' dir='ltr'><strong>sustinebunt</strong></span> <span class='ocrx_word' id='word_1_108' title='bbox 1319 875 1518 927; x_wconf 91' lang='lat' dir='ltr'><strong>impetum,</strong></span> <span class='ocrx_word' id='word_1_109' title='bbox 1551 881 1589 915; x_wconf 88' lang='lat' dir='ltr'><strong>et</strong></span> 
     </span>
     <span class='ocr_line' id='line_1_17' title="bbox 182 931 1588 983; baseline 0.001 -14"><span class='ocrx_word' id='word_1_110' title='bbox 182 943 289 969; x_wconf 90' lang='lat' dir='ltr'><strong>nunc</strong></span> <span class='ocrx_word' id='word_1_111' title='bbox 316 936 542 969; x_wconf 80' lang='lat' dir='ltr'><strong>cunctantur</strong></span> <span class='ocrx_word' id='word_1_112' title='bbox 569 932 689 981; x_wconf 85' lang='lat' dir='ltr'><strong>magis</strong></span> <span class='ocrx_word' id='word_1_113' title='bbox 720 944 835 982; x_wconf 85' lang='lat' dir='ltr'><strong>quam</strong></span> <span class='ocrx_word' id='word_1_114' title='bbox 864 931 1087 970; x_wconf 83' lang='lat' dir='ltr'><strong>resistunt.“</strong></span> <span class='ocrx_word' id='word_1_115' title='bbox 1131 933 1326 971; x_wconf 78' lang='lat' dir='ltr'><strong>concitant</strong></span> <span class='ocrx_word' id='word_1_116' title='bbox 1354 945 1476 983; x_wconf 88' lang='lat' dir='ltr'><strong>equos</strong></span> <span class='ocrx_word' id='word_1_117' title='bbox 1498 945 1588 983; x_wconf 88' lang='lat' dir='ltr'><strong>per-</strong></span> 
     </span>
     <span class='ocr_line' id='line_1_18' title="bbox 183 987 1587 1039; baseline 0.002 -14"><span class='ocrx_word' id='word_1_118' title='bbox 183 987 417 1036; x_wconf 82' lang='lat' dir='ltr'><strong>mittuntque</strong></span> <span class='ocrx_word' id='word_1_119' title='bbox 438 987 475 1025; x_wconf 87' lang='lat' dir='ltr'><strong>in</strong></span> <span class='ocrx_word' id='word_1_120' title='bbox 499 988 648 1025; x_wconf 82' lang='lat' dir='ltr'><strong>hostem</strong></span> <span class='ocrx_word' id='word_1_121' title='bbox 672 987 839 1037; x_wconf 80' lang='lat' dir='ltr'><strong>pedestri</strong></span> <span class='ocrx_word' id='word_1_122' title='bbox 862 988 935 1026; x_wconf 87' lang='lat' dir='ltr'><strong>iam</strong></span> <span class='ocrx_word' id='word_1_123' title='bbox 958 988 1151 1026; x_wconf 83' lang='lat' dir='ltr'><strong>turbatum</strong></span> <span class='ocrx_word' id='word_1_124' title='bbox 1171 1001 1319 1038; x_wconf 69' lang='lat' dir='ltr'><strong>pugna,</strong></span> <span class='ocrx_word' id='word_1_125' title='bbox 1341 994 1377 1027; x_wconf 89' lang='lat' dir='ltr'><strong>et</strong></span> <span class='ocrx_word' id='word_1_126' title='bbox 1394 989 1587 1039; x_wconf 85' lang='lat' dir='ltr'><strong>perruptis</strong></span> 
     </span>
     <span class='ocr_line' id='line_1_19' title="bbox 183 1044 1586 1095; baseline 0.001 -14"><span class='ocrx_word' id='word_1_127' title='bbox 183 1044 386 1081; x_wconf 83' lang='lat' dir='ltr'><strong>ordinibus</strong></span> <span class='ocrx_word' id='word_1_128' title='bbox 410 1044 493 1081; x_wconf 85' lang='lat' dir='ltr'><strong>elati</strong></span> <span class='ocrx_word' id='word_1_129' title='bbox 516 1044 561 1081; x_wconf 86' lang='lat' dir='ltr'><strong>ad</strong></span> <span class='ocrx_word' id='word_1_130' title='bbox 584 1044 837 1082; x_wconf 82' lang='lat' dir='ltr'><strong>novissimam</strong></span> <span class='ocrx_word' id='word_1_131' title='bbox 860 1044 994 1089; x_wconf 81' lang='lat' dir='ltr'><strong>aciem,</strong></span> <span class='ocrx_word' id='word_1_132' title='bbox 1016 1057 1105 1095; x_wconf 88' lang='lat' dir='ltr'><strong>pars</strong></span> <span class='ocrx_word' id='word_1_133' title='bbox 1126 1044 1246 1082; x_wconf 80' lang='lat' dir='ltr'><strong>libero</strong></span> <span class='ocrx_word' id='word_1_134' title='bbox 1269 1045 1394 1095; x_wconf 87' lang='lat' dir='ltr'><strong>spatio</strong></span> <span class='ocrx_word' id='word_1_135' title='bbox 1420 1045 1586 1084; x_wconf 89' lang='lat' dir='ltr'><strong>circum-</strong></span> 
     </span>
     <span class='ocr_line' id='line_1_20' title="bbox 182 1099 1586 1151; baseline 0.002 -14"><span class='ocrx_word' id='word_1_136' title='bbox 182 1100 289 1145; x_wconf 87' lang='lat' dir='ltr'><strong>vecti,</strong></span> <span class='ocrx_word' id='word_1_137' title='bbox 319 1099 393 1137; x_wconf 88' lang='lat' dir='ltr'><strong>iam</strong></span> <span class='ocrx_word' id='word_1_138' title='bbox 423 1100 550 1149; x_wconf 85' lang='lat' dir='ltr'><strong>fugam</strong></span> <span class='ocrx_word' id='word_1_139' title='bbox 574 1100 743 1150; x_wconf 85' lang='lat' dir='ltr'><strong>undique</strong></span> <span class='ocrx_word' id='word_1_140' title='bbox 767 1106 1014 1151; x_wconf 80' lang='lat' dir='ltr'><strong>capessentes</strong></span> <span class='ocrx_word' id='word_1_141' title='bbox 1043 1101 1250 1151; x_wconf 90' lang='lat' dir='ltr'><strong>plerosque</strong></span> <span class='ocrx_word' id='word_1_142' title='bbox 1278 1114 1297 1139; x_wconf 94' lang='lat' dir='ltr'><strong>a</strong></span> <span class='ocrx_word' id='word_1_143' title='bbox 1321 1100 1455 1139; x_wconf 87' lang='lat' dir='ltr'><strong>castris</strong></span> <span class='ocrx_word' id='word_1_144' title='bbox 1478 1114 1586 1140; x_wconf 86' lang='lat' dir='ltr'><strong>aver-</strong></span> 
     </span>
     <span class='ocr_line' id='line_1_21' title="bbox 182 1156 1584 1208; baseline 0.002 -15"><span class='ocrx_word' id='word_1_145' title='bbox 182 1160 270 1194; x_wconf 87' lang='lat' dir='ltr'><strong>tunt</strong></span> <span class='ocrx_word' id='word_1_146' title='bbox 299 1157 743 1206; x_wconf 79' lang='lat' dir='ltr'><strong>praeterequitantesque</strong></span> <span class='ocrx_word' id='word_1_147' title='bbox 772 1156 999 1195; x_wconf 82' lang='lat' dir='ltr'><strong>absterrent.</strong></span> <span class='ocrx_word' id='word_1_148' title='bbox 1048 1157 1220 1208; x_wconf 85' lang='lat' dir='ltr'><strong>peditum</strong></span> <span class='ocrx_word' id='word_1_149' title='bbox 1250 1158 1349 1195; x_wconf 79' lang='lat' dir='ltr'><strong>acies</strong></span> <span class='ocrx_word' id='word_1_150' title='bbox 1380 1162 1417 1195; x_wconf 88' lang='lat' dir='ltr'><strong>et</strong></span> <span class='ocrx_word' id='word_1_151' title='bbox 1446 1157 1584 1196; x_wconf 88' lang='lat' dir='ltr'><strong>consul</strong></span> 
     </span>
     <span class='ocr_line' id='line_1_22' title="bbox 182 1211 1587 1264; baseline 0.002 -16"><span class='ocrx_word' id='word_1_152' title='bbox 182 1211 265 1262; x_wconf 86' lang='lat' dir='ltr'><strong>ipse</strong></span> <span class='ocrx_word' id='word_1_153' title='bbox 294 1211 427 1262; x_wconf 88' lang='lat' dir='ltr'><strong>visque</strong></span> <span class='ocrx_word' id='word_1_154' title='bbox 458 1212 586 1249; x_wconf 85' lang='lat' dir='ltr'><strong>omnis</strong></span> <span class='ocrx_word' id='word_1_155' title='bbox 616 1212 699 1250; x_wconf 87' lang='lat' dir='ltr'><strong>belli</strong></span> <span class='ocrx_word' id='word_1_156' title='bbox 727 1212 848 1250; x_wconf 83' lang='lat' dir='ltr'><strong>fertur</strong></span> <span class='ocrx_word' id='word_1_157' title='bbox 877 1213 916 1250; x_wconf 91' lang='lat' dir='ltr'><strong>in</strong></span> <span class='ocrx_word' id='word_1_158' title='bbox 938 1218 1080 1261; x_wconf 85' lang='lat' dir='ltr'><strong>castra,</strong></span> <span class='ocrx_word' id='word_1_159' title='bbox 1111 1213 1311 1264; x_wconf 86' lang='lat' dir='ltr'><strong>captisque</strong></span> <span class='ocrx_word' id='word_1_160' title='bbox 1334 1225 1419 1251; x_wconf 88' lang='lat' dir='ltr'><strong>cum</strong></span> <span class='ocrx_word' id='word_1_161' title='bbox 1442 1213 1587 1264; x_wconf 85' lang='lat' dir='ltr'><strong>ingenti</strong></span> 
     </span>
     <span class='ocr_line' id='line_1_23' title="bbox 184 1267 819 1318; baseline 0 -12"><span class='ocrx_word' id='word_1_162' title='bbox 184 1267 310 1311; x_wconf 82' lang='lat' dir='ltr'><strong>caede,</strong></span> <span class='ocrx_word' id='word_1_163' title='bbox 335 1267 479 1305; x_wconf 88' lang='lat' dir='ltr'><strong>maiore</strong></span> <span class='ocrx_word' id='word_1_164' title='bbox 500 1268 639 1317; x_wconf 75' lang='lat' dir='ltr'><strong>praeda</strong></span> <span class='ocrx_word' id='word_1_165' title='bbox 662 1268 819 1318; x_wconf 90' lang='lat' dir='ltr'><strong>potitur.</strong></span> 
     </span>
    </p>

    <p class='ocr_par' dir='ltr' id='par_1_7' title="bbox 178 1323 1586 1544">
     <span class='ocr_line' id='line_1_24' title="bbox 296 1323 1586 1374; baseline 0.002 -14"><span class='ocrx_word' id='word_1_166' title='bbox 296 1323 416 1361; x_wconf 91' lang='lat' dir='ltr'><strong>Huius</strong></span> <span class='ocrx_word' id='word_1_167' title='bbox 451 1336 601 1374; x_wconf 83' lang='lat' dir='ltr'><strong>pugnae</strong></span> <span class='ocrx_word' id='word_1_168' title='bbox 636 1323 737 1361; x_wconf 82' lang='lat' dir='ltr'><strong>fania</strong></span> <span class='ocrx_word' id='word_1_169' title='bbox 766 1324 908 1374; x_wconf 84' lang='lat' dir='ltr'><strong>perlata</strong></span> <span class='ocrx_word' id='word_1_170' title='bbox 936 1336 1017 1362; x_wconf 92' lang='lat' dir='ltr'><strong>non</strong></span> <span class='ocrx_word' id='word_1_171' title='bbox 1050 1324 1090 1362; x_wconf 93' lang='lat' dir='ltr'><strong>in</strong></span> <span class='ocrx_word' id='word_1_172' title='bbox 1119 1324 1253 1363; x_wconf 88' lang='lat' dir='ltr'><strong>urbem</strong></span> <span class='ocrx_word' id='word_1_173' title='bbox 1283 1324 1423 1373; x_wconf 88' lang='lat' dir='ltr'><strong>mod0,</strong></span> <span class='ocrx_word' id='word_1_174' title='bbox 1451 1325 1518 1364; x_wconf 90' lang='lat' dir='ltr'><strong>sed</strong></span> <span class='ocrx_word' id='word_1_175' title='bbox 1546 1325 1586 1363; x_wconf 86' lang='lat' dir='ltr'><strong>in</strong></span> 
     </span>
     <span class='ocr_line' id='line_1_25' title="bbox 180 1379 1583 1429; baseline 0.001 -11"><span class='ocrx_word' id='word_1_176' title='bbox 180 1379 346 1418; x_wconf 84' lang='lat' dir='ltr'><strong>Sabinos</strong></span> <span class='ocrx_word' id='word_1_177' title='bbox 364 1380 409 1417; x_wconf 92' lang='lat' dir='ltr'><strong>ad</strong></span> <span class='ocrx_word' id='word_1_178' title='bbox 429 1380 590 1418; x_wconf 86' lang='lat' dir='ltr'><strong>alterum</strong></span> <span class='ocrx_word' id='word_1_179' title='bbox 608 1381 830 1425; x_wconf 79' lang='lat' dir='ltr'><strong>exercitum,</strong></span> <span class='ocrx_word' id='word_1_180' title='bbox 847 1380 884 1418; x_wconf 90' lang='lat' dir='ltr'><strong>in</strong></span> <span class='ocrx_word' id='word_1_181' title='bbox 904 1380 997 1418; x_wconf 92' lang='lat' dir='ltr'><strong>urbe</strong></span> <span class='ocrx_word' id='word_1_182' title='bbox 1014 1380 1151 1419; x_wconf 84' lang='lat' dir='ltr'><strong>laetitia</strong></span> <span class='ocrx_word' id='word_1_183' title='bbox 1171 1381 1288 1419; x_wconf 91' lang='lat' dir='ltr'><strong>modo</strong></span> <span class='ocrx_word' id='word_1_184' title='bbox 1307 1381 1491 1420; x_wconf 85' lang='lat' dir='ltr'><strong>celebrata</strong></span> <span class='ocrx_word' id='word_1_185' title='bbox 1513 1386 1583 1429; x_wconf 88' lang='lat' dir='ltr'><strong>est,</strong></span> 
     </span>
     <span class='ocr_line' id='line_1_26' title="bbox 178 1435 1583 1476; baseline 0.001 -3"><span class='ocrx_word' id='word_1_186' title='bbox 178 1435 217 1474; x_wconf 92' lang='lat' dir='ltr'><strong>in</strong></span> <span class='ocrx_word' id='word_1_187' title='bbox 248 1436 383 1474; x_wconf 87' lang='lat' dir='ltr'><strong>castris</strong></span> <span class='ocrx_word' id='word_1_188' title='bbox 412 1436 563 1474; x_wconf 86' lang='lat' dir='ltr'><strong>animos</strong></span> <span class='ocrx_word' id='word_1_189' title='bbox 595 1437 757 1474; x_wconf 85' lang='lat' dir='ltr'><strong>militum</strong></span> <span class='ocrx_word' id='word_1_190' title='bbox 788 1437 831 1475; x_wconf 89' lang='lat' dir='ltr'><strong>ad</strong></span> <span class='ocrx_word' id='word_1_191' title='bbox 856 1437 1124 1474; x_wconf 81' lang='lat' dir='ltr'><strong>aemulandum</strong></span> <span class='ocrx_word' id='word_1_192' title='bbox 1148 1437 1265 1475; x_wconf 85' lang='lat' dir='ltr'><strong>decus</strong></span> <span class='ocrx_word' id='word_1_193' title='bbox 1287 1437 1471 1475; x_wconf 86' lang='lat' dir='ltr'><strong>accendit.</strong></span> <span class='ocrx_word' id='word_1_194' title='bbox 1492 1438 1583 1476; x_wconf 86' lang='lat' dir='ltr'><strong>&#39;iam</strong></span> 
     </span>
     <span class='ocr_line' id='line_1_27' title="bbox 179 1491 1584 1544; baseline 0.001 -15"><span class='ocrx_word' id='word_1_195' title='bbox 179 1491 362 1530; x_wconf 85' lang='lat' dir='ltr'><strong>Horatius</strong></span> <span class='ocrx_word' id='word_1_196' title='bbox 390 1504 457 1530; x_wconf 91' lang='lat' dir='ltr'><strong>eos</strong></span> <span class='ocrx_word' id='word_1_197' title='bbox 488 1492 781 1531; x_wconf 87' lang='lat' dir='ltr'><strong>excursionibus</strong></span> <span class='ocrx_word' id='word_1_198' title='bbox 818 1492 1045 1531; x_wconf 81' lang='lat' dir='ltr'><strong>sufficiendo</strong></span> <span class='ocrx_word' id='word_1_199' title='bbox 1077 1493 1315 1544; x_wconf 88' lang='lat' dir='ltr'><strong>proeliisque</strong></span> <span class='ocrx_word' id='word_1_200' title='bbox 1343 1493 1487 1532; x_wconf 91' lang='lat' dir='ltr'><strong>levibus</strong></span> <span class='ocrx_word' id='word_1_201' title='bbox 1517 1506 1584 1531; x_wconf 86' lang='lat' dir='ltr'><strong>ex-</strong></span> 
     </span>
    </p>
   </div>
   <div class='ocr_carea' id='block_1_7' title="bbox 179 1591 1066 1632">
    <p class='ocr_par' dir='ltr' id='par_1_8' title="bbox 179 1591 1066 1632">
     <span class='ocr_line' id='line_1_28' title="bbox 179 1591 1066 1632; baseline 0.001 -10"><span class='ocrx_word' id='word_1_202' title='bbox 179 1609 222 1614; x_wconf 87' lang='lat'><strong>——-</strong></span> <span class='ocrx_word' id='word_1_203' title='bbox 245 1591 331 1622; x_wconf 79' lang='lat' dir='ltr'><strong>nolle</strong></span> <span class='ocrx_word' id='word_1_204' title='bbox 355 1602 430 1632; x_wconf 85' lang='lat' dir='ltr'>om.,</span> <span class='ocrx_word' id='word_1_205' title='bbox 452 1601 478 1623; x_wconf 88' lang='lat' dir='ltr'><strong>s.</strong></span> <span class='ocrx_word' id='word_1_206' title='bbox 500 1593 527 1632; x_wconf 88' lang='lat'><strong>7,</strong></span> <span class='ocrx_word' id='word_1_207' title='bbox 547 1592 605 1631; x_wconf 87' lang='lat'><strong>30,</strong></span> <span class='ocrx_word' id='word_1_208' title='bbox 625 1591 685 1631; x_wconf 84' lang='lat'><strong>23,</strong></span> <span class='ocrx_word' id='word_1_209' title='bbox 710 1593 761 1623; x_wconf 87' lang='lat' dir='ltr'><strong>die</strong></span> <span class='ocrx_word' id='word_1_210' title='bbox 785 1592 848 1623; x_wconf 87' lang='lat' dir='ltr'><strong>Er·</strong></span> <span class='ocrx_word' id='word_1_211' title='bbox 966 1592 1066 1624; x_wconf 75' lang='lat'><strong>9-10.</strong></span> 
     </span>
    </p>
   </div>
   <div class='ocr_carea' id='block_1_8' title="bbox 180 1637 846 1677">
    <p class='ocr_par' dir='ltr' id='par_1_9' title="bbox 180 1637 846 1677">
     <span class='ocr_line' id='line_1_29' title="bbox 180 1637 846 1677; baseline 0.003 -11"><span class='ocrx_word' id='word_1_212' title='bbox 180 1637 344 1675; x_wconf 70' lang='lat' dir='ltr'><strong>wiibnung</strong></span> <span class='ocrx_word' id='word_1_213' title='bbox 374 1638 464 1667; x_wconf 89' lang='lat' dir='ltr'><strong>eines</strong></span> <span class='ocrx_word' id='word_1_214' title='bbox 488 1637 677 1676; x_wconf 83' lang='lat' dir='ltr'><strong>Ungliickes</strong></span> <span class='ocrx_word' id='word_1_215' title='bbox 702 1638 772 1677; x_wconf 81' lang='lat' dir='ltr'><strong>gult</strong></span> <span class='ocrx_word' id='word_1_216' title='bbox 796 1638 846 1668; x_wconf 84' lang='lat' dir='ltr'><strong>als</strong></span> 
     </span>
    </p>
   </div>
   <div class='ocr_carea' id='block_1_9' title="bbox 920 1593 1588 1679">
    <p class='ocr_par' dir='ltr' id='par_1_10' title="bbox 920 1593 1588 1679">
     <span class='ocr_line' id='line_1_30' title="bbox 1093 1593 1588 1636; baseline 0 -12"><span class='ocrx_word' id='word_1_217' title='bbox 1093 1594 1308 1636; x_wconf 71' lang='lat' dir='ltr'><strong>permittunt,</strong></span> <span class='ocrx_word' id='word_1_218' title='bbox 1337 1593 1395 1624; x_wconf 89' lang='lat' dir='ltr'><strong>mit</strong></span> <span class='ocrx_word' id='word_1_219' title='bbox 1424 1593 1588 1633; x_wconf 66' lang='lat' dir='ltr'><strong>vei-biiug-</strong></span> 
     </span>
     <span class='ocr_line' id='line_1_31' title="bbox 920 1637 1587 1679; baseline 0 -10"><span class='ocrx_word' id='word_1_220' title='bbox 920 1642 974 1669; x_wconf 90' lang='lat' dir='ltr'><strong>ten</strong></span> <span class='ocrx_word' id='word_1_221' title='bbox 1009 1637 1134 1678; x_wconf 84' lang='lat' dir='ltr'><strong>Ziigeln</strong></span> <span class='ocrx_word' id='word_1_222' title='bbox 1168 1648 1392 1679; x_wconf 85' lang='lat' dir='ltr'><strong>ansprengen‚</strong></span> <span class='ocrx_word' id='word_1_223' title='bbox 1432 1639 1492 1669; x_wconf 88' lang='lat' dir='ltr'><strong>der</strong></span> <span class='ocrx_word' id='word_1_224' title='bbox 1528 1648 1587 1678; x_wconf 86' lang='lat' dir='ltr'><strong>ge-</strong></span> 
     </span>
    </p>
   </div>
   <div class='ocr_carea' id='block_1_10' title="bbox 176 1681 848 1950">
    <p class='ocr_par' dir='ltr' id='par_1_11' title="bbox 176 1681 848 1950">
     <span class='ocr_line' id='line_1_32' title="bbox 179 1681 846 1721; baseline 0.003 -10"><span class='ocrx_word' id='word_1_225' title='bbox 179 1681 252 1711; x_wconf 89' lang='lat' dir='ltr'><strong>eine</strong></span> <span class='ocrx_word' id='word_1_226' title='bbox 285 1682 381 1712; x_wconf 84' lang='lat' dir='ltr'><strong>iibele</strong></span> <span class='ocrx_word' id='word_1_227' title='bbox 416 1681 687 1721; x_wconf 81' lang='lat' dir='ltr'><strong>Vorbedeutnng,</strong></span> <span class='ocrx_word' id='word_1_228' title='bbox 721 1683 846 1713; x_wconf 86' lang='lat' dir='ltr'><strong>welche</strong></span> 
     </span>
     <span class='ocr_line' id='line_1_33' title="bbox 179 1725 845 1758; baseline 0.003 -2"><span class='ocrx_word' id='word_1_229' title='bbox 179 1726 332 1756; x_wconf 83' lang='lat' dir='ltr'><strong>dasseibe</strong></span> <span class='ocrx_word' id='word_1_230' title='bbox 365 1725 594 1757; x_wconf 71' lang='lat' dir='ltr'><strong>hei-beifiihren</strong></span> <span class='ocrx_word' id='word_1_231' title='bbox 634 1727 768 1758; x_wconf 82' lang='lat' dir='ltr'><strong>ko&#39;nnte.</strong></span> <span class='ocrx_word' id='word_1_232' title='bbox 800 1745 845 1750; x_wconf 90' lang='lat'><strong>—-</strong></span> 
     </span>
     <span class='ocr_line' id='line_1_34' title="bbox 176 1771 846 1811; baseline 0.003 -10"><span class='ocrx_word' id='word_1_233' title='bbox 176 1772 230 1808; x_wconf 75' lang='lat' dir='ltr'><strong>iis,</strong></span> <span class='ocrx_word' id='word_1_234' title='bbox 249 1781 285 1801; x_wconf 90' lang='lat' dir='ltr'><strong>so</strong></span> <span class='ocrx_word' id='word_1_235' title='bbox 300 1771 520 1811; x_wconf 80' lang='lat' dir='ltr'><strong>gliickiichen,</strong></span> <span class='ocrx_word' id='word_1_236' title='bbox 535 1773 586 1803; x_wconf 88' lang='lat' dir='ltr'><strong>die</strong></span> <span class='ocrx_word' id='word_1_237' title='bbox 601 1772 686 1802; x_wconf 77' lang='lat' dir='ltr'><strong>allen</strong></span> <span class='ocrx_word' id='word_1_238' title='bbox 703 1772 846 1803; x_wconf 83' lang='lat' dir='ltr'><strong>bekannt</strong></span> 
     </span>
     <span class='ocr_line' id='line_1_35' title="bbox 178 1815 843 1859; baseline 0.005 -14"><span class='ocrx_word' id='word_1_239' title='bbox 178 1816 303 1854; x_wconf 65' lang='lat' dir='ltr'><strong>waren,</strong></span> <span class='ocrx_word' id='word_1_240' title='bbox 323 1815 381 1854; x_wconf 82' lang='lat'><strong>22,</strong></span> <span class='ocrx_word' id='word_1_241' title='bbox 407 1816 459 1855; x_wconf 87' lang='lat'><strong>30,</strong></span> <span class='ocrx_word' id='word_1_242' title='bbox 484 1817 514 1847; x_wconf 82' lang='lat'><strong>9.</strong></span> <span class='ocrx_word' id='word_1_243' title='bbox 537 1834 582 1839; x_wconf 88' lang='lat'><strong>——</strong></span> <span class='ocrx_word' id='word_1_244' title='bbox 605 1816 700 1847; x_wconf 78' lang='lat' dir='ltr'><strong>Mars</strong></span> <span class='ocrx_word' id='word_1_245' title='bbox 723 1828 768 1859; x_wconf 85' lang='lat' dir='ltr'>p.,</span> <span class='ocrx_word' id='word_1_246' title='bbox 793 1818 843 1848; x_wconf 82' lang='lat' dir='ltr'><strong>als</strong></span> 
     </span>
     <span class='ocr_line' id='line_1_36' title="bbox 178 1860 846 1893; baseline 0.004 -3"><span class='ocrx_word' id='word_1_247' title='bbox 178 1860 401 1891; x_wconf 80' lang='lat' dir='ltr'><strong>Stanunvater</strong></span> <span class='ocrx_word' id='word_1_248' title='bbox 441 1862 504 1891; x_wconf 90' lang='lat' dir='ltr'><strong>und</strong></span> <span class='ocrx_word' id='word_1_249' title='bbox 545 1862 749 1892; x_wconf 82' lang='lat' dir='ltr'><strong>Schutzherr</strong></span> <span class='ocrx_word' id='word_1_250' title='bbox 788 1863 846 1893; x_wconf 84' lang='lat' dir='ltr'><strong>des</strong></span> 
     </span>
     <span class='ocr_line' id='line_1_37' title="bbox 176 1904 848 1950; baseline 0.004 -15"><span class='ocrx_word' id='word_1_251' title='bbox 176 1904 313 1944; x_wconf 82' lang='lat' dir='ltr'><strong>Volkes,</strong></span> <span class='ocrx_word' id='word_1_252' title='bbox 330 1904 359 1947; x_wconf 87' lang='lat' dir='ltr'><strong>S,</strong></span> <span class='ocrx_word' id='word_1_253' title='bbox 373 1906 402 1947; x_wconf 80' lang='lat'><strong>9,</strong></span> <span class='ocrx_word' id='word_1_254' title='bbox 418 1905 451 1937; x_wconf 83' lang='lat'><strong>6:</strong></span> <span class='ocrx_word' id='word_1_255' title='bbox 471 1906 737 1950; x_wconf 76' lang='lat' dir='ltr'><strong>Imze,lupp1&#39;te7·‚</strong></span> <span class='ocrx_word' id='word_1_256' title='bbox 753 1906 848 1938; x_wconf 77' lang='lat' dir='ltr'><strong>Mars</strong></span> 
     </span>
    </p>
   </div>
   <div class='ocr_carea' id='block_1_11' title="bbox 174 1953 355 1993">
    <p class='ocr_par' dir='ltr' id='par_1_12' title="bbox 174 1953 355 1993">
     <span class='ocr_line' id='line_1_38' title="bbox 174 1953 355 1993; baseline 0.011 -13"><span class='ocrx_word' id='word_1_257' title='bbox 174 1953 274 1993; x_wconf 72' lang='lat' dir='ltr'><strong>pater</strong></span> <span class='ocrx_word' id='word_1_258' title='bbox 292 1956 355 1982; x_wconf 79' lang='lat' dir='ltr'><strong>etc,</strong></span> 
     </span>
    </p>
   </div>
   <div class='ocr_carea' id='block_1_12' title="bbox 176 1994 848 2652">
    <p class='ocr_par' dir='ltr' id='par_1_13' title="bbox 176 1994 848 2652">
     <span class='ocr_line' id='line_1_39' title="bbox 223 1994 848 2036; baseline 0.005 -12"><span class='ocrx_word' id='word_1_259' title='bbox 223 1994 298 2025; x_wconf 74' lang='lat'><strong>7-8.</strong></span> <span class='ocrx_word' id='word_1_260' title='bbox 325 1995 414 2026; x_wconf 75' lang='lat' dir='ltr'><strong>dicta</strong></span> <span class='ocrx_word' id='word_1_261' title='bbox 431 1995 472 2036; x_wconf 82' lang='lat' dir='ltr'>d.,</span> <span class='ocrx_word' id='word_1_262' title='bbox 497 2001 591 2027; x_wconf 88' lang='lat' dir='ltr'><strong>sonst</strong></span> <span class='ocrx_word' id='word_1_263' title='bbox 614 1997 706 2027; x_wconf 80' lang='lat' dir='ltr'><strong>mehr</strong></span> <span class='ocrx_word' id='word_1_264' title='bbox 723 1997 848 2028; x_wconf 89' lang='lat' dir='ltr'><strong>dichte-</strong></span> 
     </span>
     <span class='ocr_line' id='line_1_40' title="bbox 178 2039 848 2081; baseline 0.004 -12"><span class='ocrx_word' id='word_1_265' title='bbox 178 2039 277 2077; x_wconf 87' lang='lat' dir='ltr'><strong>risch,</strong></span> <span class='ocrx_word' id='word_1_266' title='bbox 309 2040 389 2070; x_wconf 79' lang='lat' dir='ltr'><strong>aber</strong></span> <span class='ocrx_word' id='word_1_267' title='bbox 423 2051 483 2070; x_wconf 87' lang='lat' dir='ltr'><strong>von</strong></span> <span class='ocrx_word' id='word_1_268' title='bbox 517 2040 551 2071; x_wconf 88' lang='lat' dir='ltr'><strong>L.</strong></span> <span class='ocrx_word' id='word_1_269' title='bbox 586 2041 756 2071; x_wconf 79' lang='lat' dir='ltr'><strong>bisweiien</strong></span> <span class='ocrx_word' id='word_1_270' title='bbox 790 2052 848 2081; x_wconf 81' lang='lat' dir='ltr'><strong>ge-</strong></span> 
     </span>
     <span class='ocr_line' id='line_1_41' title="bbox 177 2083 846 2126; baseline 0.006 -13"><span class='ocrx_word' id='word_1_271' title='bbox 177 2083 324 2123; x_wconf 74' lang='lat' dir='ltr'><strong>brancht,</strong></span> <span class='ocrx_word' id='word_1_272' title='bbox 343 2094 368 2114; x_wconf 91' lang='lat' dir='ltr'><strong>s.</strong></span> <span class='ocrx_word' id='word_1_273' title='bbox 389 2084 442 2122; x_wconf 86' lang='lat'><strong>22,</strong></span> <span class='ocrx_word' id='word_1_274' title='bbox 461 2085 513 2124; x_wconf 84' lang='grc'><strong>50,</strong></span> <span class='ocrx_word' id='word_1_275' title='bbox 536 2085 592 2121; x_wconf 81' lang='grc' dir='ltr'><strong>1ος</strong></span> <span class='ocrx_word' id='word_1_276' title='bbox 613 2086 641 2121; x_wconf 96' lang='grc'><strong>7,</strong></span> <span class='ocrx_word' id='word_1_277' title='bbox 659 2085 711 2126; x_wconf 85' lang='lat'><strong>33,</strong></span> <span class='ocrx_word' id='word_1_278' title='bbox 733 2086 783 2117; x_wconf 93' lang='grc'><strong>11.</strong></span> <span class='ocrx_word' id='word_1_279' title='bbox 803 2103 846 2108; x_wconf 90' lang='lat'><strong>—-</strong></span> 
     </span>
     <span class='ocr_line' id='line_1_42' title="bbox 176 2127 845 2161; baseline 0.001 -2"><span class='ocrx_word' id='word_1_280' title='bbox 176 2127 295 2159; x_wconf 78' lang='lat' dir='ltr'><strong>deiude</strong></span> <span class='ocrx_word' id='word_1_281' title='bbox 324 2130 402 2158; x_wconf 82' lang='lat' dir='ltr'><strong>nach</strong></span> <span class='ocrx_word' id='word_1_282' title='bbox 434 2130 537 2159; x_wconf 80' lang='lat' dir='ltr'><strong>einein</strong></span> <span class='ocrx_word' id='word_1_283' title='bbox 567 2129 756 2161; x_wconf 77' lang='lat' dir='ltr'><strong>Nebensatz</strong></span> <span class='ocrx_word' id='word_1_284' title='bbox 786 2130 845 2161; x_wconf 83' lang='lat' dir='ltr'><strong>rnit</strong></span> 
     </span>
     <span class='ocr_line' id='line_1_43' title="bbox 177 2172 842 2214; baseline 0.003 -11"><span class='ocrx_word' id='word_1_285' title='bbox 177 2173 270 2203; x_wconf 88' lang='lat' dir='ltr'><strong>einer</strong></span> <span class='ocrx_word' id='word_1_286' title='bbox 288 2172 518 2214; x_wconf 79' lang='lat' dir='ltr'><strong>Zeitpartike1‚</strong></span> <span class='ocrx_word' id='word_1_287' title='bbox 538 2184 565 2204; x_wconf 69' lang='lat' dir='ltr'><strong>S.</strong></span> <span class='ocrx_word' id='word_1_288' title='bbox 585 2174 637 2212; x_wconf 76' lang='lat'><strong>38,</strong></span> <span class='ocrx_word' id='word_1_289' title='bbox 657 2174 709 2213; x_wconf 79' lang='lat'><strong>39,</strong></span> <span class='ocrx_word' id='word_1_290' title='bbox 727 2175 764 2213; x_wconf 72' lang='lat'><strong>53</strong></span> <span class='ocrx_word' id='word_1_291' title='bbox 790 2175 842 2213; x_wconf 87' lang='grc'>37,</span> 
     </span>
     <span class='ocr_line' id='line_1_44' title="bbox 178 2217 842 2259; baseline 0.003 -11"><span class='ocrx_word' id='word_1_292' title='bbox 178 2217 231 2255; x_wconf 83' lang='grc'><strong>52,</strong></span> <span class='ocrx_word' id='word_1_293' title='bbox 260 2218 296 2255; x_wconf 81' lang='grc' dir='ltr'><strong>4ς</strong></span> <span class='ocrx_word' id='word_1_294' title='bbox 327 2218 354 2257; x_wconf 87' lang='grc'><strong>1,</strong></span> <span class='ocrx_word' id='word_1_295' title='bbox 379 2217 408 2255; x_wconf 85' lang='grc'><strong>8,</strong></span> <span class='ocrx_word' id='word_1_296' title='bbox 433 2218 461 2258; x_wconf 91' lang='grc'><strong>7,</strong></span> <span class='ocrx_word' id='word_1_297' title='bbox 486 2218 550 2257; x_wconf 77' lang='lat' dir='ltr'><strong>vgl.</strong></span> <span class='ocrx_word' id='word_1_298' title='bbox 577 2219 607 2257; x_wconf 80' lang='lat'><strong>4,</strong></span> <span class='ocrx_word' id='word_1_299' title='bbox 640 2219 693 2259; x_wconf 79' lang='lat'><strong>47,</strong></span> <span class='ocrx_word' id='word_1_300' title='bbox 725 2219 755 2258; x_wconf 87' lang='lat'><strong>2,</strong></span> <span class='ocrx_word' id='word_1_301' title='bbox 785 2230 842 2259; x_wconf 78' lang='lat' dir='ltr'><strong>ge-</strong></span> 
     </span>
     <span class='ocr_line' id='line_1_45' title="bbox 177 2263 841 2299; baseline 0.005 -7"><span class='ocrx_word' id='word_1_302' title='bbox 177 2263 339 2293; x_wconf 73' lang='lat' dir='ltr'><strong>wtihniich</strong></span> <span class='ocrx_word' id='word_1_303' title='bbox 362 2263 405 2293; x_wconf 88' lang='lat' dir='ltr'><strong>ist</strong></span> <span class='ocrx_word' id='word_1_304' title='bbox 429 2263 546 2293; x_wconf 73' lang='lat' dir='ltr'><strong>deinde</strong></span> <span class='ocrx_word' id='word_1_305' title='bbox 569 2273 654 2299; x_wconf 79' lang='lat' dir='ltr'>cum,</span> <span class='ocrx_word' id='word_1_306' title='bbox 680 2266 739 2295; x_wconf 62' lang='lat' dir='ltr'><strong>‘ubi</strong></span> <span class='ocrx_word' id='word_1_307' title='bbox 759 2275 841 2296; x_wconf 85' lang='lat' dir='ltr'><strong>nsw.</strong></span> 
     </span>
     <span class='ocr_line' id='line_1_46' title="bbox 177 2308 841 2347; baseline 0.003 -9"><span class='ocrx_word' id='word_1_308' title='bbox 177 2325 221 2330; x_wconf 90' lang='lat'><em>—</em></span> <span class='ocrx_word' id='word_1_309' title='bbox 238 2309 385 2346; x_wconf 74' lang='lat' dir='ltr'><strong>invenes,</strong></span> <span class='ocrx_word' id='word_1_310' title='bbox 399 2308 502 2347; x_wconf 77' lang='lat' dir='ltr'><strong>junge</strong></span> <span class='ocrx_word' id='word_1_311' title='bbox 523 2308 692 2346; x_wconf 81' lang='lat' dir='ltr'><strong>Patricier‚</strong></span> <span class='ocrx_word' id='word_1_312' title='bbox 711 2310 761 2339; x_wconf 90' lang='lat' dir='ltr'><strong>die</strong></span> <span class='ocrx_word' id='word_1_313' title='bbox 780 2310 841 2340; x_wconf 88' lang='lat' dir='ltr'><strong>den</strong></span> 
     </span>
     <span class='ocr_line' id='line_1_47' title="bbox 178 2351 840 2393; baseline 0.003 -10"><span class='ocrx_word' id='word_1_314' title='bbox 178 2352 390 2383; x_wconf 79' lang='lat' dir='ltr'><strong>ehrenvolien</strong></span> <span class='ocrx_word' id='word_1_315' title='bbox 425 2351 656 2392; x_wconf 72' lang='lat' dir='ltr'><strong>Hviegsdienst</strong></span> <span class='ocrx_word' id='word_1_316' title='bbox 691 2354 840 2393; x_wconf 81' lang='lat' dir='ltr'><strong>(honore)</strong></span> 
     </span>
     <span class='ocr_line' id='line_1_48' title="bbox 178 2396 843 2439; baseline 0.003 -12"><span class='ocrx_word' id='word_1_317' title='bbox 178 2397 227 2428; x_wconf 81' lang='lat' dir='ltr'><strong>ais</strong></span> <span class='ocrx_word' id='word_1_318' title='bbox 247 2396 355 2428; x_wconf 75' lang='lat' dir='ltr'><strong>Ritter</strong></span> <span class='ocrx_word' id='word_1_319' title='bbox 374 2398 462 2436; x_wconf 86' lang='lat' dir='ltr'><strong>thun,</strong></span> <span class='ocrx_word' id='word_1_320' title='bbox 488 2408 513 2428; x_wconf 85' lang='lat' dir='ltr'><strong>s.</strong></span> <span class='ocrx_word' id='word_1_321' title='bbox 540 2408 566 2428; x_wconf 85' lang='lat' dir='ltr'><strong>c.</strong></span> <span class='ocrx_word' id='word_1_322' title='bbox 593 2397 645 2437; x_wconf 78' lang='grc'><strong>27,</strong></span> <span class='ocrx_word' id='word_1_323' title='bbox 674 2398 710 2436; x_wconf 80' lang='lat'><strong>13</strong></span> <span class='ocrx_word' id='word_1_324' title='bbox 735 2399 765 2436; x_wconf 84' lang='lat'><strong>2,</strong></span> <span class='ocrx_word' id='word_1_325' title='bbox 789 2399 843 2439; x_wconf 82' lang='lat'><strong>20,</strong></span> 
     </span>
     <span class='ocr_line' id='line_1_49' title="bbox 182 2441 843 2483; baseline 0.003 -10"><span class='ocrx_word' id='word_1_326' title='bbox 182 2442 237 2479; x_wconf 80' lang='grc' dir='ltr'><strong>1ος</strong></span> <span class='ocrx_word' id='word_1_327' title='bbox 258 2441 336 2473; x_wconf 80' lang='lat' dir='ltr'><strong>Tne.</strong></span> <span class='ocrx_word' id='word_1_328' title='bbox 357 2443 438 2473; x_wconf 88' lang='lat' dir='ltr'><strong>Ann.</strong></span> <span class='ocrx_word' id='word_1_329' title='bbox 460 2442 488 2478; x_wconf 87' lang='lat'><strong>2,</strong></span> <span class='ocrx_word' id='word_1_330' title='bbox 515 2441 574 2481; x_wconf 79' lang='lat'><strong>333</strong></span> <span class='ocrx_word' id='word_1_331' title='bbox 596 2442 629 2473; x_wconf 89' lang='lat' dir='ltr'><strong>L.</strong></span> <span class='ocrx_word' id='word_1_332' title='bbox 656 2443 709 2479; x_wconf 79' lang='grc'><strong>42,</strong></span> <span class='ocrx_word' id='word_1_333' title='bbox 734 2443 787 2483; x_wconf 88' lang='grc'>61,</span> <span class='ocrx_word' id='word_1_334' title='bbox 813 2446 843 2475; x_wconf 81' lang='lat'><strong>5.</strong></span> 
     </span>
     <span class='ocr_line' id='line_1_50' title="bbox 176 2486 843 2523; baseline 0.003 -5"><span class='ocrx_word' id='word_1_335' title='bbox 176 2505 220 2509; x_wconf 92' lang='lat'><strong>—</strong></span> <span class='ocrx_word' id='word_1_336' title='bbox 245 2487 378 2523; x_wconf 76' lang='lat' dir='ltr'><strong>ordine,</strong></span> <span class='ocrx_word' id='word_1_337' title='bbox 409 2486 444 2517; x_wconf 88' lang='lat' dir='ltr'><strong>L.</strong></span> <span class='ocrx_word' id='word_1_338' title='bbox 476 2488 576 2518; x_wconf 83' lang='lat' dir='ltr'><strong>denkt</strong></span> <span class='ocrx_word' id='word_1_339' title='bbox 605 2497 643 2517; x_wconf 84' lang='lat' dir='ltr'><strong>an</strong></span> <span class='ocrx_word' id='word_1_340' title='bbox 675 2489 735 2518; x_wconf 88' lang='lat' dir='ltr'><strong>den</strong></span> <span class='ocrx_word' id='word_1_341' title='bbox 761 2488 843 2520; x_wconf 75' lang='lat' dir='ltr'><strong>ordo</strong></span> 
     </span>
     <span class='ocr_line' id='line_1_51' title="bbox 177 2532 843 2573; baseline 0.003 -11"><span class='ocrx_word' id='word_1_342' title='bbox 177 2535 332 2573; x_wconf 78' lang='lat' dir='ltr'><strong>equester</strong></span> <span class='ocrx_word' id='word_1_343' title='bbox 350 2533 410 2562; x_wconf 77' lang='lat' dir='ltr'><strong>de·-</strong></span> <span class='ocrx_word' id='word_1_344' title='bbox 427 2533 582 2573; x_wconf 61' lang='lat' dir='ltr'><strong>spiiteren</strong></span> <span class='ocrx_word' id='word_1_345' title='bbox 602 2532 688 2571; x_wconf 75' lang='lat' dir='ltr'><strong>Zeit,</strong></span> <span class='ocrx_word' id='word_1_346' title='bbox 713 2543 738 2564; x_wconf 78' lang='lat' dir='ltr'><strong>s.</strong></span> <span class='ocrx_word' id='word_1_347' title='bbox 758 2534 788 2573; x_wconf 87' lang='lat'>5,</span> <span class='ocrx_word' id='word_1_348' title='bbox 814 2534 843 2572; x_wconf 86' lang='lat'><strong>7,</strong></span> 
     </span>
     <span class='ocr_line' id='line_1_52' title="bbox 178 2577 844 2622; baseline 0.006 -16"><span class='ocrx_word' id='word_1_349' title='bbox 178 2577 207 2607; x_wconf 92' lang='lat'><strong>7.</strong></span> <span class='ocrx_word' id='word_1_350' title='bbox 226 2594 270 2598; x_wconf 83' lang='lat'><strong>—-</strong></span> <span class='ocrx_word' id='word_1_351' title='bbox 286 2580 399 2617; x_wconf 67' lang='lat' dir='ltr'><strong>morit,</strong></span> <span class='ocrx_word' id='word_1_352' title='bbox 418 2588 445 2608; x_wconf 90' lang='lat' dir='ltr'><strong>c.</strong></span> <span class='ocrx_word' id='word_1_353' title='bbox 461 2578 513 2618; x_wconf 86' lang='grc'><strong>60,</strong></span> <span class='ocrx_word' id='word_1_354' title='bbox 536 2578 590 2608; x_wconf 91' lang='lat' dir='ltr'><strong>ll:</strong></span> <span class='ocrx_word' id='word_1_355' title='bbox 608 2578 770 2610; x_wconf 71' lang='lat' dir='ltr'><strong>rettulere</strong></span> <span class='ocrx_word' id='word_1_356' title='bbox 783 2589 844 2622; x_wconf 80' lang='lat' dir='ltr'><strong>pe-</strong></span> 
     </span>
     <span class='ocr_line' id='line_1_53' title="bbox 176 2621 261 2652; baseline 0 0"><span class='ocrx_word' id='word_1_357' title='bbox 176 2621 261 2652; x_wconf 84' lang='lat' dir='ltr'><strong>dem.</strong></span> 
     </span>
    </p>
   </div>
   <div class='ocr_carea' id='block_1_13' title="bbox 914 1681 1587 2665">
    <p class='ocr_par' dir='ltr' id='par_1_14' title="bbox 914 1681 1587 2665">
     <span class='ocr_line' id='line_1_54' title="bbox 920 1681 1587 1714; baseline 0.001 -1"><span class='ocrx_word' id='word_1_358' title='bbox 920 1683 1102 1714; x_wconf 76' lang='lat' dir='ltr'><strong>wo&#39;hnhche</strong></span> <span class='ocrx_word' id='word_1_359' title='bbox 1128 1683 1303 1714; x_wconf 85' lang='lat' dir='ltr'><strong>Ansdruck</strong></span> <span class='ocrx_word' id='word_1_360' title='bbox 1327 1681 1380 1714; x_wconf 84' lang='lat' dir='ltr'><strong>ffir</strong></span> <span class='ocrx_word' id='word_1_361' title='bbox 1402 1683 1464 1714; x_wconf 85' lang='lat' dir='ltr'><strong>den</strong></span> <span class='ocrx_word' id='word_1_362' title='bbox 1488 1681 1587 1714; x_wconf 77' lang='lat' dir='ltr'><strong>hesti-</strong></span> 
     </span>
     <span class='ocr_line' id='line_1_55' title="bbox 917 1727 1586 1768; baseline 0.001 -10"><span class='ocrx_word' id='word_1_363' title='bbox 917 1737 976 1767; x_wconf 83' lang='lat' dir='ltr'><strong>gen</strong></span> <span class='ocrx_word' id='word_1_364' title='bbox 988 1727 1232 1767; x_wconf 70' lang='lat' dir='ltr'><strong>Reiterangriff,</strong></span> <span class='ocrx_word' id='word_1_365' title='bbox 1248 1728 1344 1759; x_wconf 90' lang='lat' dir='ltr'><strong>Choc.</strong></span> <span class='ocrx_word' id='word_1_366' title='bbox 1355 1746 1396 1750; x_wconf 83' lang='lat'>—</span> <span class='ocrx_word' id='word_1_367' title='bbox 1409 1730 1586 1768; x_wconf 75' lang='lat' dir='ltr'><strong>resistunt,</strong></span> 
     </span>
     <span class='ocr_line' id='line_1_56' title="bbox 916 1772 1581 1812; baseline 0.002 -10"><span class='ocrx_word' id='word_1_368' title='bbox 916 1773 982 1812; x_wconf 80' lang='lat' dir='ltr'><strong>vgl.</strong></span> <span class='ocrx_word' id='word_1_369' title='bbox 1009 1772 1088 1803; x_wconf 77' lang='lat' dir='ltr'><strong>Tac.</strong></span> <span class='ocrx_word' id='word_1_370' title='bbox 1119 1774 1199 1812; x_wconf 81' lang='lat' dir='ltr'><strong>Agr.</strong></span> <span class='ocrx_word' id='word_1_371' title='bbox 1226 1772 1284 1803; x_wconf 78' lang='lat'><strong>34:</strong></span> <span class='ocrx_word' id='word_1_372' title='bbox 1313 1784 1378 1803; x_wconf 82' lang='lat' dir='ltr'><strong>non</strong></span> <span class='ocrx_word' id='word_1_373' title='bbox 1407 1775 1581 1811; x_wconf 76' lang='lat' dir='ltr'><strong>resistunt,</strong></span> 
     </span>
     <span class='ocr_line' id='line_1_57' title="bbox 916 1817 1584 1859; baseline 0 -11"><span class='ocrx_word' id='word_1_374' title='bbox 916 1817 977 1848; x_wconf 80' lang='lat' dir='ltr'><strong>sed</strong></span> <span class='ocrx_word' id='word_1_375' title='bbox 999 1817 1200 1859; x_wconf 73' lang='lat' dir='ltr'><strong>deprehensi</strong></span> <span class='ocrx_word' id='word_1_376' title='bbox 1221 1820 1311 1849; x_wconf 77' lang='lat' dir='ltr'><strong>sunt.</strong></span> <span class='ocrx_word' id='word_1_377' title='bbox 1334 1835 1377 1840; x_wconf 84' lang='lat'><strong>—</strong></span> <span class='ocrx_word' id='word_1_378' title='bbox 1401 1819 1584 1857; x_wconf 71' lang='lat' dir='ltr'><strong>turbatam,</strong></span> 
     </span>
     <span class='ocr_line' id='line_1_58' title="bbox 920 1860 1584 1901; baseline -0.002 -8"><span class='ocrx_word' id='word_1_379' title='bbox 920 1863 1003 1893; x_wconf 86' lang='lat' dir='ltr'><strong>ohne</strong></span> <span class='ocrx_word' id='word_1_380' title='bbox 1022 1862 1201 1893; x_wconf 80' lang='lat' dir='ltr'><strong>Riicksicht</strong></span> <span class='ocrx_word' id='word_1_381' title='bbox 1217 1860 1276 1892; x_wconf 84' lang='lat' dir='ltr'><strong>auf</strong></span> <span class='ocrx_word' id='word_1_382' title='bbox 1290 1872 1315 1892; x_wconf 85' lang='lat' dir='ltr'><strong>c.</strong></span> <span class='ocrx_word' id='word_1_383' title='bbox 1335 1861 1386 1901; x_wconf 90' lang='grc'>60,</span> <span class='ocrx_word' id='word_1_384' title='bbox 1408 1862 1464 1893; x_wconf 90' lang='lat'><strong>11:</strong></span> <span class='ocrx_word' id='word_1_385' title='bbox 1482 1864 1584 1893; x_wconf 79' lang='lat' dir='ltr'><strong>resti-</strong></span> 
     </span>
     <span class='ocr_line' id='line_1_59' title="bbox 920 1907 1586 1950; baseline -0.002 -12"><span class='ocrx_word' id='word_1_386' title='bbox 920 1910 1028 1938; x_wconf 72' lang='lat' dir='ltr'><strong>tuitur</strong></span> <span class='ocrx_word' id='word_1_387' title='bbox 1055 1918 1181 1950; x_wconf 75' lang='lat' dir='ltr'><strong>pugna.</strong></span> <span class='ocrx_word' id='word_1_388' title='bbox 1205 1925 1248 1929; x_wconf 89' lang='lat'>—</span> <span class='ocrx_word' id='word_1_389' title='bbox 1269 1917 1351 1949; x_wconf 77' lang='lat' dir='ltr'><strong>pars</strong></span> <span class='ocrx_word' id='word_1_390' title='bbox 1380 1917 1441 1938; x_wconf 90' lang='lat' dir='ltr'><strong>nur</strong></span> <span class='ocrx_word' id='word_1_391' title='bbox 1466 1907 1586 1938; x_wconf 86' lang='lat' dir='ltr'><strong>einmal</strong></span> 
     </span>
     <span class='ocr_line' id='line_1_60' title="bbox 919 1950 1582 1992; baseline 0.002 -10"><span class='ocrx_word' id='word_1_392' title='bbox 919 1956 1052 1992; x_wconf 81' lang='lat' dir='ltr'><strong>gesetzt</strong></span> <span class='ocrx_word' id='word_1_393' title='bbox 1070 1953 1131 1982; x_wconf 85' lang='lat' dir='ltr'><strong>wie</strong></span> <span class='ocrx_word' id='word_1_394' title='bbox 1151 1951 1203 1991; x_wconf 84' lang='lat'><strong>36,</strong></span> <span class='ocrx_word' id='word_1_395' title='bbox 1226 1951 1276 1991; x_wconf 91' lang='lat'><strong>17,</strong></span> <span class='ocrx_word' id='word_1_396' title='bbox 1294 1951 1330 1991; x_wconf 78' lang='lat'><strong>93</strong></span> <span class='ocrx_word' id='word_1_397' title='bbox 1350 1950 1404 1991; x_wconf 73' lang='lat'><strong>43,</strong></span> <span class='ocrx_word' id='word_1_398' title='bbox 1432 1951 1482 1991; x_wconf 80' lang='lat'><strong>18,</strong></span> <span class='ocrx_word' id='word_1_399' title='bbox 1508 1953 1525 1982; x_wconf 96' lang='grc'>7</span> <span class='ocrx_word' id='word_1_400' title='bbox 1551 1963 1582 1983; x_wconf 92' lang='lat' dir='ltr'><strong>u.</strong></span> 
     </span>
     <span class='ocr_line' id='line_1_61' title="bbox 919 1995 1585 2037; baseline 0.002 -10"><span class='ocrx_word' id='word_1_401' title='bbox 919 2006 960 2034; x_wconf 84' lang='lat' dir='ltr'>a.,</span> <span class='ocrx_word' id='word_1_402' title='bbox 981 1996 1049 2035; x_wconf 84' lang='lat' dir='ltr'><strong>vgl.</strong></span> <span class='ocrx_word' id='word_1_403' title='bbox 1074 2007 1101 2026; x_wconf 90' lang='lat' dir='ltr'><strong>c.</strong></span> <span class='ocrx_word' id='word_1_404' title='bbox 1127 1996 1179 2033; x_wconf 76' lang='lat'>37,</span> <span class='ocrx_word' id='word_1_405' title='bbox 1212 1995 1248 2029; x_wconf 78' lang='lat'><strong>8:</strong></span> <span class='ocrx_word' id='word_1_406' title='bbox 1280 2006 1348 2027; x_wconf 86' lang='lat' dir='ltr'><strong>was</strong></span> <span class='ocrx_word' id='word_1_407' title='bbox 1372 1997 1423 2027; x_wconf 91' lang='lat' dir='ltr'><strong>die</strong></span> <span class='ocrx_word' id='word_1_408' title='bbox 1448 1997 1585 2037; x_wconf 83' lang='lat' dir='ltr'><strong>iibrigen</strong></span> 
     </span>
     <span class='ocr_line' id='line_1_62' title="bbox 919 2041 1584 2080; baseline 0.003 -8"><span class='ocrx_word' id='word_1_409' title='bbox 919 2042 1037 2080; x_wconf 81' lang='lat' dir='ltr'><strong>gethan</strong></span> <span class='ocrx_word' id='word_1_410' title='bbox 1062 2041 1178 2079; x_wconf 83' lang='lat' dir='ltr'><strong>haben,</strong></span> <span class='ocrx_word' id='word_1_411' title='bbox 1203 2041 1284 2072; x_wconf 86' lang='lat' dir='ltr'><strong>wird</strong></span> <span class='ocrx_word' id='word_1_412' title='bbox 1305 2042 1391 2072; x_wconf 83' lang='lat' dir='ltr'><strong>nicht</strong></span> <span class='ocrx_word' id='word_1_413' title='bbox 1410 2042 1584 2074; x_wconf 85' lang='lat' dir='ltr'><strong>berichtet.</strong></span> 
     </span>
     <span class='ocr_line' id='line_1_63' title="bbox 916 2086 1553 2128; baseline 0.005 -13"><span class='ocrx_word' id='word_1_414' title='bbox 916 2103 961 2108; x_wconf 94' lang='lat'><strong>-—</strong></span> <span class='ocrx_word' id='word_1_415' title='bbox 978 2088 1107 2117; x_wconf 80' lang='lat' dir='ltr'><strong>maiore</strong></span> <span class='ocrx_word' id='word_1_416' title='bbox 1125 2097 1154 2118; x_wconf 91' lang='lat' dir='ltr'><strong>n.</strong></span> <span class='ocrx_word' id='word_1_417' title='bbox 1173 2097 1273 2126; x_wconf 81' lang='lat' dir='ltr'><strong>quam</strong></span> <span class='ocrx_word' id='word_1_418' title='bbox 1290 2086 1408 2117; x_wconf 78' lang='lat' dir='ltr'><strong>caedes</strong></span> <span class='ocrx_word' id='word_1_419' title='bbox 1415 2088 1553 2128; x_wconf 74' lang='lat' dir='ltr'><strong>suerat.</strong></span> 
     </span>
     <span class='ocr_line' id='line_1_64' title="bbox 965 2129 1585 2172; baseline 0.003 -11"><span class='ocrx_word' id='word_1_420' title='bbox 965 2130 1083 2161; x_wconf 83' lang='lat'><strong>11-12.</strong></span> <span class='ocrx_word' id='word_1_421' title='bbox 1110 2133 1142 2161; x_wconf 71' lang='lat' dir='ltr'><strong>in</strong></span> <span class='ocrx_word' id='word_1_422' title='bbox 1166 2129 1244 2162; x_wconf 67' lang='lat' dir='ltr'><strong>Sub.</strong></span> <span class='ocrx_word' id='word_1_423' title='bbox 1280 2131 1325 2162; x_wconf 77' lang='lat' dir='ltr'><strong>acl</strong></span> <span class='ocrx_word' id='word_1_424' title='bbox 1353 2131 1406 2172; x_wconf 76' lang='lat' dir='ltr'>aL,</span> <span class='ocrx_word' id='word_1_425' title='bbox 1437 2133 1512 2164; x_wconf 86' lang='lat' dir='ltr'><strong>wir:</strong></span> <span class='ocrx_word' id='word_1_426' title='bbox 1543 2142 1585 2163; x_wconf 93' lang='lat' dir='ltr'><strong>zu</strong></span> 
     </span>
     <span class='ocr_line' id='line_1_65' title="bbox 917 2176 1584 2217; baseline 0.003 -11"><span class='ocrx_word' id='word_1_427' title='bbox 917 2176 988 2206; x_wconf 77' lang='lat' dir='ltr'><strong>dem</strong></span> <span class='ocrx_word' id='word_1_428' title='bbox 1012 2177 1154 2206; x_wconf 86' lang='lat' dir='ltr'><strong>anderen</strong></span> <span class='ocrx_word' id='word_1_429' title='bbox 1181 2177 1221 2206; x_wconf 91' lang='lat' dir='ltr'><strong>im</strong></span> <span class='ocrx_word' id='word_1_430' title='bbox 1240 2176 1487 2217; x_wconf 82' lang='lat' dir='ltr'><strong>Sabinerlande,</strong></span> <span class='ocrx_word' id='word_1_431' title='bbox 1513 2187 1538 2208; x_wconf 82' lang='lat' dir='ltr'><strong>S.</strong></span> <span class='ocrx_word' id='word_1_432' title='bbox 1556 2187 1584 2208; x_wconf 85' lang='lat' dir='ltr'><strong>c.</strong></span> 
     </span>
     <span class='ocr_line' id='line_1_66' title="bbox 917 2220 1583 2261; baseline 0.005 -11"><span class='ocrx_word' id='word_1_433' title='bbox 917 2220 969 2259; x_wconf 73' lang='lat'><strong>38,</strong></span> <span class='ocrx_word' id='word_1_434' title='bbox 989 2220 1026 2251; x_wconf 78' lang='lat'><strong>8:</strong></span> <span class='ocrx_word' id='word_1_435' title='bbox 1052 2221 1082 2259; x_wconf 82' lang='grc'><strong>5,</strong></span> <span class='ocrx_word' id='word_1_436' title='bbox 1107 2220 1160 2259; x_wconf 83' lang='grc'><strong>51,</strong></span> <span class='ocrx_word' id='word_1_437' title='bbox 1185 2221 1221 2259; x_wconf 75' lang='lat'><strong>9;</strong></span> <span class='ocrx_word' id='word_1_438' title='bbox 1246 2232 1286 2252; x_wconf 89' lang='lat' dir='ltr'><strong>zu</strong></span> <span class='ocrx_word' id='word_1_439' title='bbox 1311 2221 1364 2259; x_wconf 84' lang='lat'><strong>21,</strong></span> <span class='ocrx_word' id='word_1_440' title='bbox 1388 2221 1441 2260; x_wconf 73' lang='lat'><strong>49,</strong></span> <span class='ocrx_word' id='word_1_441' title='bbox 1467 2221 1502 2259; x_wconf 78' lang='lat'><strong>33</strong></span> <span class='ocrx_word' id='word_1_442' title='bbox 1529 2221 1583 2261; x_wconf 83' lang='lat'><strong>28,</strong></span> 
     </span>
     <span class='ocr_line' id='line_1_67' title="bbox 916 2265 1581 2304; baseline 0.006 -10"><span class='ocrx_word' id='word_1_443' title='bbox 916 2265 969 2304; x_wconf 80' lang='lat'><strong>26,</strong></span> <span class='ocrx_word' id='word_1_444' title='bbox 989 2266 1025 2296; x_wconf 88' lang='grc'><strong>12</strong></span> <span class='ocrx_word' id='word_1_445' title='bbox 1045 2276 1075 2296; x_wconf 90' lang='lat' dir='ltr'><strong>u.</strong></span> <span class='ocrx_word' id='word_1_446' title='bbox 1094 2275 1123 2296; x_wconf 80' lang='lat' dir='ltr'><strong>a.</strong></span> <span class='ocrx_word' id='word_1_447' title='bbox 1149 2284 1192 2287; x_wconf 97' lang='lat'><strong>—</strong></span> <span class='ocrx_word' id='word_1_448' title='bbox 1216 2277 1272 2297; x_wconf 80' lang='lat' dir='ltr'><strong>eos</strong></span> <span class='ocrx_word' id='word_1_449' title='bbox 1297 2267 1376 2297; x_wconf 84' lang='lat' dir='ltr'><strong>nach</strong></span> <span class='ocrx_word' id='word_1_450' title='bbox 1395 2268 1536 2304; x_wconf 72' lang='lat' dir='ltr'><strong>animos,</strong></span> <span class='ocrx_word' id='word_1_451' title='bbox 1555 2276 1581 2298; x_wconf 80' lang='lat' dir='ltr'><strong>s,</strong></span> 
     </span>
     <span class='ocr_line' id='line_1_68' title="bbox 918 2309 1583 2353; baseline 0.003 -13"><span class='ocrx_word' id='word_1_452' title='bbox 918 2309 945 2348; x_wconf 87' lang='lat'><strong>1,</strong></span> <span class='ocrx_word' id='word_1_453' title='bbox 969 2311 1018 2349; x_wconf 81' lang='lat'><strong>15,</strong></span> <span class='ocrx_word' id='word_1_454' title='bbox 1041 2310 1067 2341; x_wconf 92' lang='lat'><strong>1.</strong></span> <span class='ocrx_word' id='word_1_455' title='bbox 1086 2328 1129 2332; x_wconf 89' lang='lat'><strong>—</strong></span> <span class='ocrx_word' id='word_1_456' title='bbox 1152 2310 1357 2353; x_wconf 57' lang='lat' dir='ltr'><strong>sufficiendo</strong></span> <span class='ocrx_word' id='word_1_457' title='bbox 1382 2311 1468 2342; x_wconf 85' lang='lat' dir='ltr'><strong>kann</strong></span> <span class='ocrx_word' id='word_1_458' title='bbox 1494 2312 1583 2342; x_wconf 86' lang='lat' dir='ltr'><strong>nicht</strong></span> 
     </span>
     <span class='ocr_line' id='line_1_69' title="bbox 914 2355 1584 2398; baseline 0.004 -15"><span class='ocrx_word' id='word_1_459' title='bbox 914 2355 1000 2385; x_wconf 86' lang='lat' dir='ltr'><strong>wohl</strong></span> <span class='ocrx_word' id='word_1_460' title='bbox 1016 2356 1136 2386; x_wconf 83' lang='lat' dir='ltr'><strong>anders</strong></span> <span class='ocrx_word' id='word_1_461' title='bbox 1151 2356 1200 2386; x_wconf 82' lang='lat' dir='ltr'><strong>als</strong></span> <span class='ocrx_word' id='word_1_462' title='bbox 1214 2356 1423 2398; x_wconf 62' lang='lat' dir='ltr'><strong>emperizmdo</strong></span> <span class='ocrx_word' id='word_1_463' title='bbox 1438 2357 1584 2396; x_wconf 79' lang='lat' dir='ltr'><strong>bezogen</strong></span> 
     </span>
     <span class='ocr_line' id='line_1_70' title="bbox 916 2401 1582 2441; baseline 0.005 -12"><span class='ocrx_word' id='word_1_464' title='bbox 916 2401 1065 2441; x_wconf 88' lang='lat' dir='ltr'><strong>werden,</strong></span> <span class='ocrx_word' id='word_1_465' title='bbox 1088 2401 1230 2431; x_wconf 89' lang='lat' dir='ltr'><strong>sondern</strong></span> <span class='ocrx_word' id='word_1_466' title='bbox 1250 2401 1374 2431; x_wconf 76' lang='lat' dir='ltr'><strong>miisste</strong></span> <span class='ocrx_word' id='word_1_467' title='bbox 1394 2402 1454 2432; x_wconf 89' lang='lat' dir='ltr'><strong>wie</strong></span> <span class='ocrx_word' id='word_1_468' title='bbox 1473 2402 1582 2432; x_wconf 87' lang='lat' dir='ltr'><strong>dieses</strong></span> 
     </span>
     <span class='ocr_line' id='line_1_71' title="bbox 917 2445 1582 2486; baseline 0.003 -11"><span class='ocrx_word' id='word_1_469' title='bbox 917 2445 968 2475; x_wconf 79' lang='lat' dir='ltr'><strong>ein</strong></span> <span class='ocrx_word' id='word_1_470' title='bbox 996 2445 1102 2476; x_wconf 80' lang='lat' dir='ltr'><strong>Mittel</strong></span> <span class='ocrx_word' id='word_1_471' title='bbox 1133 2456 1173 2476; x_wconf 90' lang='lat' dir='ltr'><strong>zu</strong></span> <span class='ocrx_word' id='word_1_472' title='bbox 1206 2445 1446 2486; x_wconf 72' lang='lat' dir='ltr'><strong>adsuefecerat</strong></span> <span class='ocrx_word' id='word_1_473' title='bbox 1473 2447 1582 2477; x_wconf 79' lang='lat' dir='ltr'><strong>Hora-</strong></span> 
     </span>
     <span class='ocr_line' id='line_1_72' title="bbox 917 2490 1581 2525; baseline 0.003 -5"><span class='ocrx_word' id='word_1_474' title='bbox 917 2492 983 2520; x_wconf 73' lang='lat' dir='ltr'><strong>tius</strong></span> <span class='ocrx_word' id='word_1_475' title='bbox 1008 2490 1195 2525; x_wconf 78' lang='lat' dir='ltr'><strong>enthalten;</strong></span> <span class='ocrx_word' id='word_1_476' title='bbox 1219 2492 1475 2522; x_wconf 68' lang='lat' dir='ltr'><strong>esr0117·si0nibus</strong></span> <span class='ocrx_word' id='word_1_477' title='bbox 1492 2491 1581 2522; x_wconf 65' lang='lat' dir='ltr'><strong>wtire</strong></span> 
     </span>
     <span class='ocr_line' id='line_1_73' title="bbox 918 2535 1582 2575; baseline 0.003 -11"><span class='ocrx_word' id='word_1_478' title='bbox 918 2535 999 2564; x_wconf 81' lang='lat' dir='ltr'><strong>dann</strong></span> <span class='ocrx_word' id='word_1_479' title='bbox 1027 2535 1123 2565; x_wconf 82' lang='lat' dir='ltr'><strong>Dativ</strong></span> <span class='ocrx_word' id='word_1_480' title='bbox 1148 2550 1168 2561; x_wconf 75' lang='lat' dir='ltr'><strong><em>z</em></strong></span> <span class='ocrx_word' id='word_1_481' title='bbox 1190 2535 1234 2566; x_wconf 80' lang='lat' dir='ltr'><strong>ad</strong></span> <span class='ocrx_word' id='word_1_482' title='bbox 1256 2537 1493 2575; x_wconf 49' lang='lat' dir='ltr'><strong>eaecmsiones,</strong></span> <span class='ocrx_word' id='word_1_483' title='bbox 1518 2536 1582 2566; x_wconf 88' lang='lat' dir='ltr'><strong>und</strong></span> 
     </span>
     <span class='ocr_line' id='line_1_74' title="bbox 916 2580 1582 2620; baseline 0.002 -10"><span class='ocrx_word' id='word_1_484' title='bbox 916 2580 1217 2620; x_wconf 63' lang='lat' dir='ltr'><strong>sifffiee1·eiiiiisste</strong></span> <span class='ocrx_word' id='word_1_485' title='bbox 1233 2580 1409 2611; x_wconf 84' lang='lat' dir='ltr'><strong>bedenten:</strong></span> <span class='ocrx_word' id='word_1_486' title='bbox 1428 2590 1582 2611; x_wconf 84' lang='lat' dir='ltr'><strong>verwen-</strong></span> 
     </span>
     <span class='ocr_line' id='line_1_75' title="bbox 917 2625 1581 2665; baseline 0.002 -10"><span class='ocrx_word' id='word_1_487' title='bbox 917 2625 977 2655; x_wconf 84' lang='lat' dir='ltr'><strong>den</strong></span> <span class='ocrx_word' id='word_1_488' title='bbox 997 2635 1048 2665; x_wconf 89' lang='lat' dir='ltr'><strong>zu,</strong></span> <span class='ocrx_word' id='word_1_489' title='bbox 1067 2625 1164 2656; x_wconf 85' lang='lat' dir='ltr'><strong>Tbeil</strong></span> <span class='ocrx_word' id='word_1_490' title='bbox 1182 2626 1317 2657; x_wconf 87' lang='lat' dir='ltr'><strong>nebmen</strong></span> <span class='ocrx_word' id='word_1_491' title='bbox 1332 2625 1441 2657; x_wconf 84' lang='lat' dir='ltr'><strong>lassen</strong></span> <span class='ocrx_word' id='word_1_492' title='bbox 1455 2635 1507 2657; x_wconf 80' lang='lat' dir='ltr'><strong>an.</strong></span> <span class='ocrx_word' id='word_1_493' title='bbox 1534 2625 1581 2656; x_wconf 86' lang='lat' dir='ltr'><strong>Da</strong></span> 
     </span>
    </p>
   </div>
   <div class='ocr_carea' id='block_1_14' title="bbox 1406 2750 1422 2758">
    <p class='ocr_par' dir='ltr' id='par_1_15' title="bbox 1406 2750 1422 2758">
     <span class='ocr_line' id='line_1_76' title="bbox 1406 2750 1422 2758; baseline 0 0"><span class='ocrx_word' id='word_1_494' title='bbox 1406 2750 1422 2758; x_wconf 49' lang='lat' dir='ltr'>x</span> 
     </span>
    </p>
   </div>
  </div>
 </body>
</html>
