1698 2864
59 231 86 250 a.
107 222 159 250 Ch.
180 221 242 248 435.
259 222 320 248 434.
510 211 638 245 LIBER
661 211 718 244 IV.
766 211 860 244 CAP.
879 212 935 244 23.
956 213 1009 245 24.

56 317 181 356 Macer
205 315 327 354 libros
354 313 493 353 linteos
521 318 700 353 auctores
721 313 970 365 profitentur:
998 319 1133 353 neuter
1152 316 1334 355 tribunos
1356 317 1462 355 mili-

56 377 140 412 tum
166 385 211 410 eo
238 383 339 410 anno
365 370 488 409 fuisse
512 370 696 409 traditum
718 383 738 409 a
759 370 1015 421 scriptoribus
1038 371 1206 421 antiquis
1230 373 1459 412 dissimulat.

55 428 201 468 Licinio
222 427 341 466 libros
363 426 465 465 haud
486 426 601 465 dubie
618 426 728 478 sequi
748 426 886 465 linteos
908 426 1047 477 placet3
1073 428 1132 476 [et]
1158 428 1311 467 Tubero
1333 429 1460 468 incer-

55 490 118 524 tus
139 483 216 522 veri
237 487 306 521 est.
348 482 398 521 sit
417 482 516 521 inter
538 488 661 521 cetera
682 486 870 521 vetustate
890 482 1133 533 incomperta
1154 484 1229 522 hoc
1250 497 1403 536 quoque
1423 486 1460 524 in

55 541 201 579 incerto
223 539 410 590 positum.

169 595 421 647 Trepidatum
443 595 482 634 in
498 594 650 634 Etruria
672 599 731 633 est
751 599 842 645 post
857 595 1023 633 Fidenas
1046 599 1176 646 captas
1197 607 1277 634 non
1293 596 1460 636 Veienti—

54 652 127 692 bus
156 653 282 691 solum
304 652 493 691 exterritis
516 656 619 690 metu
643 651 778 690 similis
800 651 947 698 excidii,
968 651 1033 690 sed
1057 652 1170 690 etiam
1194 652 1350 691 Faliscis
1373 666 1462 691 me-

54 708 178 748 moria
199 709 281 747 initi
302 708 429 758 primo
453 720 540 746 cum
562 708 608 747 iis
632 707 732 753 belli,
757 720 992 758 quamquam
1009 708 1280 747 rebellantibus
1296 720 1377 748 non
1393 710 1462 748 ad-

54 765 221 805 fuerant.
257 764 372 815 igitur
393 765 595 816 cumduae
617 764 786 803 civitates
802 764 935 815 legatis
954 764 1052 803 circa
1070 765 1275 803 duodecim
1292 766 1461 816 populos

56 821 187 860 missis
220 821 514 871 impetrassent,
542 826 586 860 ut
613 821 659 859 ad
686 820 913 859 Voltumnae
938 821 1071 859 fanum
1101 821 1333 860 indiceretur
1355 822 1463 861 omni

54 878 230 917 Etruriae
252 877 469 924 concilium,
493 877 594 916 velut
614 889 754 927 magno
776 877 865 916 inde
886 877 1053 916 tumultu
1075 877 1287 917 inminente
1305 884 1462 918 senatus

54 934 167 974 Mam.
188 933 393 972 Aemilium
422 934 649 973 dictatorem
678 933 818 972 iterum
847 933 920 972 dici
948 933 1071 973 iussit.
1111 934 1158 972 ab
1182 947 1226 972 eo
1249 936 1292 973 Α.
1316 935 1463 974 Postu-

55 990 158 1029 mius
187 990 379 1029 Tubertus
414 990 596 1040 magister
629 989 803 1039 equitum
838 995 898 1028 est
926 989 1069 1035 dictus;
1099 989 1320 1040 bellumque
1353 995 1461 1030 tanto

55 1047 203 1085 maiore
230 1058 347 1096 quam
379 1046 558 1096 proximo
589 1050 730 1084 conatu
759 1050 985 1097 apparatum
1010 1050 1087 1090 est,
1111 1051 1254 1096 quanto
1277 1047 1364 1097 plus
1385 1052 1465 1086 erat

55 1102 102 1142 ab
126 1102 233 1141 omni
254 1102 405 1141 Etruria
427 1102 597 1152 periculi,
619 1113 735 1152 quam
757 1101 803 1140 ab
826 1101 980 1140 duobus
1002 1102 1158 1152 populis
1180 1102 1315 1141 fuerat.

169 1159 221 1197 Ea
236 1170 297 1197 res
315 1158 508 1209 aliquanto
530 1158 793 1209 expectatione
815 1158 991 1197 omnium
1012 1158 1256 1209 tranquillior
1270 1159 1354 1198 fuit.
1390 1158 1463 1198 ita·
1493 1173 1505 1183 ·

56 1227 132 1266 que
153 1227 241 1253 cum
278 1214 540 1254 renuntiatum
569 1228 589 1253 a
623 1214 905 1254 mercatoribus
936 1220 1039 1253 esset
1074 1221 1210 1265 negata
1242 1215 1462 1255 Veientibus

57 1371 150 1403 habe.
167 1389 209 1393 ——
229 1373 305 1403 trib.
328 1371 397 1403 mil.
423 1371 517 1403 Diod.
535 1371 556 1403 l.
575 1371 596 1402 l.
624 1375 725 1402 nennt

55 1414 218 1448 ebenfalls
252 1415 545 1456 Kriegsfflbuuen,
590 1417 621 1447 in
663 1416 724 1446 den

56 1459 135 1493 fasti
160 1460 265 1503 Capit.
285 1462 356 1492 sind
380 1462 431 1492 die
450 1461 646 1502 Magistrate
671 1458 725 1491 fiir

57 1506 167 1538 dieses
184 1507 248 1537 uud
266 1507 416 1537 inebrere
430 1507 529 1538 ,lubre
547 1507 636 1538 nicht
652 1504 725 1537 auf-

56 1550 233 1592 gefundeu.
258 1569 303 1574 —
326 1554 360 1582 et
385 1552 499 1583 wiirde
533 1552 605 1582 hier
637 1551 726 1582 nicht

58 1597 217 1639 passend,
237 1597 297 1627 wie
317 1596 376 1635 28,
395 1596 454 1635 26,
475 1597 511 1627 11
532 1607 563 1627 u.
589 1606 637 1636 a.,
662 1596 725 1627 deu

60 1641 251 1682 Gegensatz
279 1640 485 1682 ankniipsen,
511 1641 658 1672 wesbalb
688 1651 724 1672 es

59 1686 170 1718 Muret
195 1686 315 1727 getilgt
339 1697 369 1717 u.
395 1687 436 1717 ini
457 1686 550 1726 Folg.
574 1688 620 1717 sit
642 1690 726 1717 statt

57 1731 120 1764 sed
141 1732 335 1763 verbessert
357 1732 424 1763 hat.
447 1750 492 1754 —
509 1734 555 1763 sit
583 1733 642 1763 int.
660 1736 725 1762 etc.

58 1776 96 1808 L.
133 1777 194 1808 eilt
229 1778 260 1807 in
294 1777 419 1808 kurzen
452 1777 725 1817 abgebrochenen

58 1822 183 1854 Siitzen
196 1822 279 1853 iiber
293 1822 343 1853 die
361 1823 424 1853 ihm
444 1822 564 1862 lastige
582 1822 646 1852 und
664 1832 725 1852 un-

58 1867 244 1899 bedeutend
259 1867 571 1898 scheinendeSache
586 1867 726 1906 hiuweg‚

796 1372 932 1403 kischen
956 1371 1233 1412 Bundesgottheit
1256 1383 1327 1404 war
1351 1374 1381 1404 in
1407 1374 1467 1405 der

797 1416 890 1449 Niibe
915 1427 978 1448 vou
997 1416 1152 1448 Volsinii.

843 1481 873 1513 6.
907 1481 988 1522 dici,
1013 1483 1078 1523 vgl.
1098 1494 1125 1515 c.
1144 1482 1203 1522 31,
1229 1483 1260 1514 4.
1278 1501 1321 1506 —
1338 1483 1467 1515 Postu-

796 1528 898 1565 mius,
918 1538 945 1558 c.
963 1527 1016 1558 26.
1032 1547 1075 1550 -
1090 1531 1183 1559 tanto
1201 1530 1279 1560 mai.
1299 1533 1375 1569 etc„
1395 1529 1467 1560 eine

797 1571 976 1603 zweifacbe
995 1572 1252 1614 Vergleiebung,
1271 1574 1380 1605 indem
1398 1575 1468 1605 sich

796 1627 837 1649 an
861 1618 923 1648 den
942 1617 1154 1660 Comparativ
1178 1619 1229 1649 ein
1254 1629 1358 1650 neuer
1383 1619 1468 1650 Ver—

798 1663 1069 1703 gleicbungssatz
1093 1664 1308 1705 anschliesst,
1333 1674 1358 1695 s.
1384 1675 1411 1695 c.
1436 1664 1467 1704 9,

798 1707 836 1746 33
861 1707 920 1748 27,
954 1708 1007 1748 14,
1042 1708 1098 1739 10:
1124 1712 1282 1751 tantoque
1304 1711 1468 1742 maiorem

798 1756 952 1795 stragem
971 1753 1087 1793 edere,
1117 1765 1217 1796 quam
1240 1756 1331 1786 inter
1352 1755 1468 1787 hostes

798 1798 983 1838 ediderant,
1001 1802 1123 1840 quanio
1141 1801 1253 1831 acrius
1262 1810 1372 1840 paror
1390 1810 1470 1831 con·

799 1846 990 1875 sternatam
1008 1844 1164 1884 (beluam)
1183 1848 1276 1886 agit,
1301 1855 1398 1886 quam
1419 1847 1470 1876 in-

58 1922 85 1944 s.
106 1912 195 1944 Einl.
214 1912 248 1944 S.
268 1911 321 1943 31.
357 1912 424 1943 Der
441 1911 728 1951 Zusainmenhang

57 1958 118 1989 ist:
141 1968 214 1989 man
238 1957 363 1989 konnte
381 1958 461 1988 oder
479 1957 579 1989 sollte
597 1957 650 1988 die
669 1956 728 1988 Sa-

59 2003 118 2034 che
136 2003 238 2034 n'ziber
254 2003 494 2043 untersuchen,
520 2002 601 2034 aber
619 2003 659 2033 da
676 2002 728 2033 bei

60 2058 97 2079 so
121 2048 379 2079 verschiedenen
398 2047 619 2079 Nachrichten
644 2047 727 2078 doch

58 2092 175 2125 Vieles
192 2093 359 2132 ungewiss
374 2092 501 2124 bleiben
519 2103 621 2131 muss,
640 2103 677 2123 so
694 2103 726 2124 u.

58 2148 86 2169 s.
105 2147 148 2169 w.
162 2155 207 2160 -—-
219 2140 396 2178 vetustate,
414 2148 540 2179 wegen,
559 2148 585 2169 s.
603 2137 657 2178 22,
676 2137 725 2175 11,

59 2182 91 2214 6.
107 2200 153 2205 —
167 2183 329 2226 positum,
344 2193 370 2214 S.
387 2182 490 2224 praef.
506 2182 541 2214 8:
559 2185 593 2214 in
607 2183 727 2214 discri-

58 2230 149 2260 mine
162 2238 304 2271 ponam3
328 2227 377 2269 10,
395 2227 423 2269 9,
447 2227 502 2259 12:
519 2239 560 2259 ne
575 2238 637 2271 pro
656 2238 728 2260 cer-

59 2275 94 2305 to
109 2283 287 2316 ponerem,
314 2272 494 2304 Mommsen
513 2273 633 2304 Chron.
655 2272 729 2305 132.

105 2319 126 2349 4
141 2337 165 2340 -
181 2318 212 2350 5.
242 2320 367 2361 primo,
385 2329 410 2349 c.
435 2318 485 2358 17,
502 2336 547 2342 ——
563 2317 729 2350 rebellan-

61 2364 165 2403 tibus,
183 2374 210 2395 c.
230 2363 282 2402 21,
303 2363 332 2394 8.
349 2381 393 2386 -
410 2366 518 2402 circa,
540 2363 569 2404 1,
588 2362 618 2403 9,
637 2362 668 2394 2.
684 2381 729 2386 —

58 2408 243 2450 duodecim,
261 2409 352 2449 „die
371 2407 512 2451 zwo'lf“,
538 2419 564 2440 s.
587 2408 614 2448 1,
634 2408 670 2446 23
697 2408 728 2448 5,

61 2453 97 2492 13
119 2452 171 2485 33.
187 2472 233 2477 ——
249 2453 434 2494 concilium,
453 2455 526 2485 eine
543 2453 733 2485 Versainm-

58 2497 139 2538 lung
157 2499 215 2530 der
233 2499 488 2539 Abgeordneten
507 2500 566 2530 dei·
586 2498 625 2529 12
644 2499 730 2530 Bun—

60 2543 270 2584 desstaaten,
295 2555 323 2576 s.
349 2544 383 2585 1,
408 2544 468 2581 50,
493 2543 529 2582 2,
553 2544 617 2575 und
637 2554 728 2575 zwar

60 2588 134 2619 eine
165 2590 510 2628 ausserordentliche,
545 2600 571 2620 c.
604 2588 657 2619 25.
683 2607 728 2611 ——

62 2632 273 2676 Voltumnae,
284 2634 728 2676 derTempeldieseretrus-

800 1888 941 1920 sidentis
965 1891 1128 1931 magistri
1154 1891 1296 1933 imperio
1326 1892 1470 1932 regitur,

800 1933 860 1973 21,
884 1934 944 1972 44,
970 1933 1000 1965 3.
1021 1937 1239 1977 —prooez‘mo
1264 1935 1319 1966 hat
1342 1936 1409 1966 sich
1428 1945 1469 1966 au

801 1979 858 2010 das
884 1979 1018 2010 niichste
1036 1979 1232 2011 Substantiv
1255 1981 1469 2020 angeschlos-

800 2034 858 2055 sen
879 2028 961 2055 statt
978 2025 1069 2056 einer
1086 2025 1313 2056 adverbiellen
1331 2026 1472 2057 Bestiin-

799 2079 906 2110 mung,
925 2079 951 2100 s.
972 2069 1024 2110 35,
1044 2070 1097 2109 21,
1117 2070 1152 2100 5:
1172 2071 1352 2113 infestiore
1369 2082 1470 2113 qvam

799 2116 916 2158 priore
936 2117 1082 2158 z'mpetu3
1109 2125 1144 2147 es
1170 2116 1253 2147 wird
1268 2118 1470 2159 proximum

800 2160 851 2192 od.
868 2161 1028 2203 prooez'mo
1045 2171 1133 2192 anno
1152 2171 1254 2193 verm.

846 2223 916 2260 24.
957 2229 971 2260 1
991 2248 1013 2252 -
1030 2228 1060 2260 2.
1093 2233 1279 2274 expectat„
1298 2229 1335 2261 Z.
1353 2228 1374 2271 ξ
1392 2229 1468 2260 484.

800 2291 845 2296 —-
860 2276 972 2316 itaque
985 2274 1117 2307 bezieht
1131 2276 1199 2307 sich
1217 2274 1277 2307 anf
1291 2274 1470 2306 denNaeh-

801 2323 873 2350 satz
896 2319 1043 2352 dictator
1060 2326 1142 2361 etc.,
1170 2322 1229 2352 der
1246 2320 1470 2353 Vordersatz:

801 2375 875 2396 cum
893 2384 915 2387 —
937 2367 1005 2397 sint
1033 2366 1079 2397 ist
1108 2376 1169 2396 nur
1197 2366 1248 2396 die
1278 2364 1470 2404 Erkliirung

799 2419 863 2441 von
883 2421 922 2441 ea
939 2420 994 2442 res
1011 2429 1033 2433 —-
1046 2412 1140 2453 fuit,
1165 2411 1229 2441 und
1254 2411 1314 2441 der
1331 2409 1360 2440 in
1380 2409 1470 2440 dem-

801 2455 916 2486 selben
943 2455 1156 2487 bezeichnete
1183 2454 1362 2497 Zeitpunkt
1385 2455 1469 2485 wird

801 2500 902 2531 durch
921 2503 992 2532 tum
1012 2500 1120 2540 fixirt,
1144 2501 1210 2540 vgl.
1230 2500 1287 2541 21,
1309 2499 1357 2540 11,
1377 2499 1406 2530 7.
1426 2518 1469 2522 —

801 2546 1062 2584 mercatoribus,
1092 2546 1150 2576 mit
1172 2546 1232 2576 den
1259 2544 1469 2575 Buudesvcr-

800 2591 1025 2631 sammlungen
1059 2591 1117 2621 ‹ler
1151 2589 1316 2621 Etrusker
1356 2598 1469 2620 waren

800 2635 931 2667 Messen
950 2635 1160 2675 verbunden,
1186 2635 1246 2666 wie
1265 2635 1324 2666 mit
1341 2635 1401 2666 den
1421 2634 1470 2666 la-

1382 215 1459 255 189
1500 253 1503 256 ,
