1698 2864
158 168 238 207 352

610 166 736 199 LIBER
753 166 790 200 Π.
838 167 930 200 CAP.
948 167 1000 200 64.
1021 168 1075 200 65,

1418 186 1440 204 a..
1459 187 1487 206 u.
1508 181 1569 207 286,

155 269 374 308 cornicines
403 268 682 321 tubicinesque
712 270 753 308 in
786 281 908 321 equos
929 270 1125 321 inpositos
1148 284 1289 313 canere
1311 277 1402 311 ante
1423 273 1566 312 vallum

85 338 125 370 11
154 327 263 365 iubet
283 325 573 378 sollicitumque
591 326 746 365 hostem
769 326 814 366 ad
830 327 959 366 lucem
976 333 1122 366 tenere.
1144 329 1309 369 relicum
1324 329 1452 367 noctis
1470 330 1568 368 adeo

156 382 364 434 tranquilla
383 382 563 422 omniain
581 383 720 422 castris
737 383 861 428 fuere,
878 388 923 422 ut
939 383 1072 422 somni
1090 396 1247 437 quoque
1257 385 1445 426 Romanis
1460 387 1568 438 copia

157 444 274 478 esset.
304 439 465 478 Volscos
485 439 635 490 species
657 444 898 479 armatorum
920 440 1109 490 peditum,
1146 454 1245 493 quos
1268 448 1306 482 et
1327 441 1459 493 plures
1482 456 1569 483 esse

157 501 195 534 et
219 496 419 535 Romanos
435 496 636 546 putabant,
655 496 835 535 fremitus
852 495 1110 548 hinnitusque
1130 510 1334 548 equorum,
1357 500 1423 550 qui
1447 505 1483 537 et
1502 500 1566 539 in-

155 558 266 591 sueto
290 553 453 591 sedente
476 553 607 604 equite
629 557 667 591 et
687 553 849 604 insuper
862 564 975 591 aures
990 553 1158 603 agitante
1174 556 1307 595 sonitu
1325 554 1569 603 saeviebant,

78 612 129 647 65
150 608 325 648 intentos
347 609 454 648 velut
475 610 521 647 ad
538 609 733 660 impetum
750 609 924 648 bostium
941 610 1079 648 tenuit.
1102 610 1174 649 Ubi
1193 611 1345 660 inluxit,
1363 612 1567 652 Romanus

155 665 310 717 integer
332 666 574 717 satiatusque
595 678 736 704 somno
758 666 974 716 productus
996 666 1037 704 in
1059 667 1179 706 aciem
1196 670 1344 708 fessum
1367 669 1505 707 stando
1528 675 1566 708 et
1593 665 1598 675 '

104 726 123 757 2
150 722 290 773 vigiliis
312 723 494 762 Volscum
517 722 644 773 primo
666 722 817 773 impetu
838 722 1025 773 perculit3
1048 735 1286 775 quamquam
1309 737 1462 764 cessere
1484 738 1566 764 ma-

150 779 206 829 gis
228 792 346 831 quam
368 778 470 829 pulsi
488 778 621 817 hostes
638 785 744 824 sunt,
762 779 850 830 quia
869 778 915 817 ab
932 783 1041 829 tergo
1061 786 1171 818 erant
1187 781 1286 827 clivi,
1303 782 1345 820 in
1363 793 1460 833 quos
1476 786 1567 832 post

148 836 339 886 principia
370 835 533 885 integris
558 834 762 873 ordinibus
789 839 897 873 tutus
922 840 1106 886 receptus
1128 837 1215 875 fuit.
1249 839 1398 884 consul,
1421 837 1490 876 ubi
1513 838 1561 877 ad

153 892 302 930 inicum
324 893 453 930 locum
477 897 638 930 ventum
660 897 728 936 est,
751 891 853 930 sistit
875 892 1009 930 aciem.
1052 892 1164 931 miles
1187 905 1300 944 aegre
1321 895 1461 938 teneri,
1484 894 1561 935 cla-

108 953 126 984 3
152 961 261 987 mare
283 953 321 987 et
343 960 519 999 poscere,
542 948 786 999 utperculsis
804 948 952 987 instare
969 948 1098 987 liceat.
1130 949 1299 989 ferocius
1313 956 1435 1002 agunt
1452 951 1565 1001 equi-

148 1010 226 1053 tes,
247 1004 476 1044 circumfusi
500 1005 587 1043 [luci
611 1004 875 1043 vociferantur
891 1017 933 1043 se
948 1010 1038 1043 ante
1055 1005 1167 1055 signa
1184 1007 1322 1046 ituros.
1355 1008 1448 1047 dum
1467 1020 1567 1046 cun-

147 1067 274 1101 ctatur
295 1062 443 1108 consul,
468 1061 614 1100 virtute
636 1061 806 1100 militum
830 1062 966 1107 fretus,
989 1061 1074 1100 loeo
1092 1075 1231 1113 parum
1251 1064 1390 1108 fidens,
1408 1064 1564 1103 concla-

149 1124 258 1157 mant
289 1132 331 1158 se
362 1119 502 1163 ituros,
534 1119 826 1169 clamoremque
856 1130 919 1156 res
953 1124 1013 1156 est
1043 1124 1188 1158 secuta.
1231 1120 1317 1159 fixis
1350 1121 1391 1159 in
1419 1126 1564 1159 terram

104 1180 124 1211 4
149 1175 250 1226 pilis,
269 1188 344 1226 quo
363 1175 528 1214 leviores
546 1175 665 1214 ardua
682 1175 905 1221 evaderent,
924 1186 1039 1214 cursu
1049 1176 1234 1214 subeunt.
1255 1177 1418 1216 Volscus
1430 1176 1565 1215 effusis

147 1232 193 1270 ad
215 1232 387 1282 primuni
409 1232 601 1281 impetum
624 1231 838 1270 missilibus
861 1231 947 1269 telis
970 1244 1058 1270 saxa
1077 1232 1293 1271 obiacentia
1316 1234 1480 1284 pedibus
1503 1233 1567 1271 in-

146 1288 295 1338 geritin
308 1289 537 1333 subeuntes,
558 1287 813 1339 turbatosque
830 1288 971 1326 ictibus
996 1287 1144 1326 crebris
1161 1294 1278 1339 urget
1296 1302 1342 1328 ex
1359 1287 1564 1341 superiore

146 1346 242 1383 loco.
285 1345 339 1384 sic
356 1357 478 1396 prope
504 1349 713 1383 oneratum
743 1349 803 1383 est
820 1344 1025 1382 sinistrum
1043 1344 1231 1384 Romanis
1249 1358 1385 1392 cornu,
1404 1346 1444 1385 ni
1462 1348 1565 1385 refe-

143 1433 318 1470 grijsserer
335 1431 457 1462 Postea
474 1441 537 1461 vor
554 1430 626 1461 dem
640 1429 760 1469 Lager.
771 1447 815 1451 —

143 1486 274 1517 elmere,
292 1477 418 1515 blasen,
436 1475 595 1515 Singnale
614 1474 728 1515 geben,
746 1474 813 1515 vgl.

144 1522 196 1563 37,
216 1522 318 1561 29,3;
336 1521 543 1562 vollst'ffiindig
560 1520 640 1552 Sall.
657 1520 686 1552 J.
705 1520 759 1558 99,
782 1521 814 1551 1:

143 1568 301 1599 lzcbc'ez'nes
324 1569 423 1608 sig-na
447 1576 567 1598 canere
589 1567 706 1604 lussit,
735 1565 816 1596 hiiu-

144 1613 240 1652 liger:
273 1614 374 1654 signa
406 1615 536 1652 canunt,
571 1613 758 1651 concinunt,
788 1620 814 1641 s.

146 1659 197 1699 10,
230 1658 280 1696 19,
311 1658 368 1695 12;
399 1657 453 1697 30,
483 1658 513 1697 5,
544 1657 561 1687 2
580 1668 611 1687 u.
630 1667 669 1696 a.,
694 1656 763 1696 vgl.
783 1657 814 1687 4.

143 1704 197 1744 31,
215 1702 245 1734 3.
265 1702 309 1733 Es
328 1703 430 1734 sollte
444 1702 682 1733 denAnschein
699 1701 817 1741 haben,

144 1748 195 1780 als
214 1748 254 1778 ob
264 1748 318 1779 die
333 1747 451 1779 Reiter
462 1747 694 1787 zumAngriffe
709 1746 817 1778 bereit

145 1794 253 1833 seien3
287 1793 390 1825 daher
419 1792 600 1825 sollicitum
624 1793 689 1823 und
708 1794 816 1823 inten-

144 1842 215 1870 tos:
235 1843 408 1880 gespannt,
419 1839 470 1869 als
489 1839 540 1869 ob.
559 1857 600 1860 -—
618 1838 815 1878 saec-lebant,

145 1885 267 1915 vorher
283 1884 446 1925 fremitus
462 1883 713 1924 ln'unltusq.,sie
728 1883 816 1922 zeig-

143 1935 198 1961 ten
217 1930 289 1961 sich
306 1929 521 1970 uugebiirdig,
545 1929 716 1961 scheuten.
740 1927 815 1960 toh-

141 1980 209 2006 ten.
243 1993 285 1998 -—
319 1977 348 2005 et
379 1974 472 2006 Rom.
486 1999 494 2014 ,
533 1974 604 2005 also
650 1974 743 2004 melu·
774 1983 814 2004 zu

142 2019 305 2052 i'iirchten.

188 2060 252 2097 65.
283 2064 368 2097 1-3.
394 2064 531 2104 c'nlamit,
557 2076 581 2095 s.
604 2064 633 2104 1,
653 2063 706 2103 28,
725 2062 755 2094 2.
774 2081 816 2085 —

140 2109 276 2153 percul„
302 2110 546 2146 erschiitterte,
578 2109 716 2140 brachte
742 2118 816 2138 zum

145 2156 314 2196 &Veichem
325 2155 427 2186 durch
445 2155 503 2185 das
523 2154 601 2193 l'olg.
612 2163 814 2195 quamquam

141 2201 325 2232 correctiv.
344 2199 554 2231 beschriinkt.
570 2218 611 2221 -—
624 2201 700 2242 post
711 2200 815 2241 princ.

141 2262 161 2272 =
178 2248 236 2288 qui
248 2248 325 2288 post
338 2246 506 2287 principia
523 2244 624 2275 locati
641 2246 746 2283 erant,
762 2243 814 2274 die

140 2292 295 2323 hinteren
315 2290 454 2322 Glieder
473 2291 532 2321 der
550 2289 811 2329 Schlachtreihe,

142 2337 209 2378 vgl.
229 2338 260 2376 3,
278 2336 332 2376 22,
350 2336 386 2375 63
405 2335 487 2367 Sall.
508 2334 528 2366 I.
548 2336 602 2375 50,
618 2335 652 2373 2?
678 2333 813 2365 Terent.

142 2383 224 2413 Eun.
243 2382 322 2420 4,,7,
346 2381 401 2412 11:
431 2391 492 2422 ego
516 2391 571 2412 81¹0
589 2382 666 2422 post
681 2381 812 2421 prinei-

140 2430 212 2471 μίας
238 2427 363 2459 Nonius
392 2437 419 2467 p.
442 2426 521 2456 135:
547 2428 624 2468 post
650 2426 815 2467 ρνίησίρὶα

138 2473 304 2516 paulatim
343 2471 514 2510 7’eced1172t3
556 2472 608 2502 die
649 2471 815 2501 vorderen

142 2518 291 2557 Glieder,
310 2517 447 2556 welche,
479 2528 503 2547 xx
513 2516 557 2547 eil
578 2517 610 2547 in
629 2516 745 2547 diesen
763 2515 814 2546 die

140 2564 266 2604 Biirger
284 2564 344 2595 der
374 2568 486 2594 ersten
506 2561 620 2593 Classe
639 2562 814 2604 (proceres,

135 2610 322 2652 principes)
332 2608 655 2650 standen,prirzcipia
671 2607 816 2646 hiessen,

889 1428 1013 1460 decken
1042 1428 1131 1469 jetzt
1163 1430 1214 1461 die
1236 1430 1394 1461 hinteren
1413 1430 1564 1470 Glieder,

889 1485 924 1506 so
943 1475 1020 1506 dass
1039 1475 1111 1506 sich
1126 1475 1295 1507 dieselben
1313 1475 1565 1514 ingeschlosse-

889 1529 951 1551 nen
983 1519 1108 1551 Reihen
1141 1520 1386 1552 zuriickziehen
1418 1521 1560 1552 konnen.

889 1583 931 1587 ——
949 1568 1067 1607 recept.
1077 1566 1125 1606 s„
1145 1576 1169 1596 s.
1192 1567 1221 1606 1,
1239 1567 1294 1606 56,
1309 1567 1345 1604 33
1365 1567 1394 1605 5,
1412 1566 1465 1605 38,
1482 1567 1566 1598 1.—

889 1609 993 1649 miles,
1010 1611 1048 1641 da
1057 1612 1181 1652 equites
1195 1610 1297 1651 folgt:
1312 1610 1566 1651 Fusssoldaten,

890 1667 915 1687 s.
935 1655 1050 1696 22‚37,
1071 1656 1261 1687 7.—el‹1m.
1280 1658 1311 1687 et
1326 1656 1485 1699 p0s0.,sie
1496 1655 1565 1688 for-

890 1702 971 1733 dern
981 1700 1224 1741 lnitGeschrei3
1234 1722 1260 1724 —
1269 1704 1348 1732 ante
1360 1713 1398 1742 s.,
1408 1702 1499 1740 c.49,
1512 1701 1565 1733 11.

889 1747 1073 1788 —sl'etzc.c,
1092 1747 1273 1787 gesichert,
1300 1747 1417 1778 keiner
1435 1746 1561 1778 Gesahr

889 1796 1100 1832 ausgesetzt3
1115 1791 1283 1835 p.fidens,
1301 1792 1394 1824 nicht
1405 1792 1488 1823 ohne
1503 1791 1563 1823 Be—

890 1838 1060 1878 sorgniss,
1107 1837 1146 1868 da
1193 1838 1251 1869 das
1298 1837 1440 1869 Tem-ain
1484 1837 1563 1869 steil

888 1883 953 1913 und
971 1882 1151 1922 schwierig
1169 1892 1248 1913 war.
1274 1901 1316 1905 —
1340 1882 1563 1923 conclamant,

888 1928 1007 1959 Reiter
1029 1927 1095 1958 und
1120 1927 1343 1967 Fussgiinger.
1368 1928 1519 1969 —fi.1²1's
1535 1947 1563 1951 —

888 1972 981 2015 pilis,
1017 1972 1227 2013 gewiihnlich
1259 1973 1403 2012 geschah
1437 1973 1562 2012 dieses,

891 2028 987 2049 wenn
1004 2028 1077 2048 man
1096 2017 1194 2056 ruhig
1212 2018 1318 2057 stand,
1338 2018 1366 2057 S,
1387 2018 1417 2058 S,
1440 2020 1478 2050 10
1493 2017 1565 2049 bis-

890 2063 1013 2094 weilen
1031 2063 1126 2102 auch,
1155 2072 1208 2094 um
1238 2063 1389 2102 sogleich
1413 2064 1474 2094 init
1491 2063 1563 2093 dem

890 2108 1061 2139 seim-erte.
1086 2107 1316 2149 anzugreffeu,
1354 2108 1435 2140 oder
1467 2108 1563 2139 iiber-

888 2154 991 2194 haupt
1009 2153 1157 2193 weniger
1180 2154 1357 2194 gehindert
1374 2164 1414 2183 zu
1433 2154 1518 2193 sein,
1536 2164 1562 2184 s.

890 2209 916 2229 c.
936 2198 987 2237 30,
1011 2199 1066 2237 123
1086 2202 1115 2232 6.
1138 2199 1187 2239 12,
1209 2199 1242 2230 S:
1274 2198 1354 2241 pilis
1374 2201 1452 2230 ante
1464 2198 1563 2241 pedes

886 2245 1006 2286 positis
1029 2243 1157 2286 gladiis
1185 2246 1319 2275 tantum
1347 2243 1490 2275 demtras
1507 2253 1563 2274 ar-

887 2300 1037 2322 memus:
1057 2290 1086 2328 7,
1110 2289 1159 2329 16,
1179 2290 1209 2320 5.
1228 2308 1270 2311 —
1288 2288 1362 2320 ard.
1389 2289 1490 2329 eund„
1508 2288 1562 2320 die

889 2334 989 2366 steile
1008 2334 1100 2365 Hiihe
1120 2334 1290 2375 ersleigen
1309 2334 1464 2373 kb'nnten,
1484 2333 1561 2365 Ver.

888 2380 968 2411 Aen.
988 2381 1019 2419 4,
1039 2380 1119 2411 685:
1142 2379 1275 2421 gradus
1297 2382 1447 2410 eraserat
1464 2378 1561 2419 altar,

888 2426 954 2464 vgl.
975 2425 1028 2464 36,
1047 2425 1100 2465 30,
1117 2425 1152 2456 2:
1182 2424 1299 2456 Oetam
1329 2424 1487 2465 escendit3
1504 2434 1562 2464 ge-

888 2470 1056 2501 wijhnlich
1065 2470 1122 2501 mit
1140 2472 1187 2509 ίη,
1204 2470 1224 2512 ξ
1244 2472 1320 2510 ῦςσ.
1336 2470 1383 2511 17,
1397 2471 1414 2501 5
1432 2479 1562 2509 u.s.w.,

888 2516 1008 2547 anders
1028 2516 1073 2547 ist
1101 2517 1131 2556 7,
1155 2515 1209 2555 36,
1235 2515 1270 2546 2;
1300 2518 1472 2547 eraserunt
1494 2525 1564 2545 me-

888 2561 945 2592 dia
963 2563 1076 2592 eastra
1095 2572 1124 2591 u.
1144 2562 1172 2592 ii.
1190 2579 1234 2582 —
1252 2570 1364 2598 cursa,
1390 2572 1413 2592 s.
1438 2561 1464 2598 1,
1482 2561 1512 2599 6,
1531 2560 1561 2591 2.

933 2608 1016 2637 -1-5.
1042 2608 1214 2637 oneratum
1243 2608 1301 2645 est,
1330 2607 1374 2645 ηἱ,
1401 2616 1427 2637 s.
1453 2617 1479 2637 v.
1510 2607 1563 2642 10,

1642 0 1649 9 .,

1656 0 1663 3 .

1692 130 1696 134 .
1660 0 1698 97 ...affl
