1698 2864
562 245 687 278 Lmen
712 246 752 278 V.
794 244 887 278 CAP.
905 245 958 278 31.
1380 247 1461 287 323

59 262 85 280 a.
101 255 154 281 Ch.
170 255 231 280 393.
252 255 312 280 392.

59 359 222 398 magnos
250 347 364 386 ludos
391 347 536 395 fecere,
565 360 664 398 quos
693 347 743 386 M.
774 347 914 386 Furius
945 346 1107 386 dictator
1135 353 1289 388 voverat
1317 348 1462 388 Veienti

56 403 168 442 hello.
215 403 352 442 eodem
390 415 493 442 anno
523 405 637 442 aedes
666 403 826 442 Iunonis
855 403 1008 453 reginae
1036 403 1082 442 ab
1111 405 1247 443 eodem
1277 405 1462 444 dictatore
1491 412 1511 443 3

56 460 271 510 eodemque
297 459 394 498 bello
417 465 505 499 vota
527 460 742 507 dedicatur,
769 460 1075 510 celebratamque
1097 460 1377 500 dedicationem
1398 462 1458 500 in-

56 516 159 567 genti
179 521 444 555 matronarum
468 516 596 555 studio
618 516 787 555 tradunt.

169 572 314 611 Bellum
343 572 445 611 haud
466 572 717 612 memorabile
738 572 778 610 in
798 571 934 622 Algido
958 584 1047 611 cum
1067 572 1208 623 Aequis
1230 579 1382 623 gestum
1404 579 1462 613 est
1491 583 1511 613 4

55 628 153 667 fusis
175 628 357 667 hostibus
378 628 486 679 prius
516 640 650 680 paene,
681 640 794 680 quam
823 640 962 667 manus
994 635 1256 667 consererent.
1298 629 1459 675 Valerio,

57 685 162 735 quod
184 685 492 735 perseverantior
509 685 710 724 caedendis
728 685 767 723 in
783 685 872 735 fuga
887 685 970 731 fuit,
992 685 1227 736 triumphus,
1247 685 1401 732 Manlio,
1419 691 1462 724 ut

57 753 176 779 ovans
204 741 468 792 ingrederetur
495 741 648 787 urbem,
679 741 876 780 decretum
906 746 975 780 est.
1017 741 1153 779 eodem
1182 753 1284 780 anno
1313 754 1458 781 novum
1489 751 1507 782 5

53 796 200 835 bellum
228 809 315 836 cum
338 797 645 837 Volsiniensibus
667 802 863 844 exortum3
892 810 969 848 quo
993 802 1155 848 propter
1174 798 1315 836 famem
1338 798 1459 849 pesti-

52 853 287 904 lentiamque
315 853 352 892 in
378 867 468 904 agro
490 854 667 893 Romano
692 867 734 893 ex
758 854 930 893 siccitate
952 854 1218 904 caloribusque
1238 854 1369 893 nimiis
1393 866 1459 892 or-

53 915 132 948 tam
161 910 350 948 exercitus
380 911 467 949 duci
494 910 678 961 nequivit.
721 910 769 948 ob
797 922 893 961 quae
912 910 1176 949 Volsinienses
1198 909 1458 962 Salpinatibus

52 965 242 1005 adiunctis
265 966 443 1017 superbia
464 967 548 1005 elati
570 967 670 1006 ultro
688 979 802 1016 agros
819 966 1019 1005 Romanos
1037 966 1297 1013 incursavere3
1319 966 1459 1006 bellum

51 1021 141 1060 inde
162 1022 315 1060 duobus
337 1022 494 1073 populis
514 1023 716 1061 indictum.

165 1077 204 1116 C.
225 1078 342 1116 Iulius
366 1090 503 1117 censor
524 1078 711 1124 decessit,
733 1078 772 1116 in
795 1077 876 1116 eius
897 1077 1024 1116 locum
1049 1077 1097 1116 Μ.
1117 1077 1316 1116 Cornelius
1339 1078 1458 1117 suffe-

52 1138 156 1180 ctus,
185 1146 283 1184 quae
303 1146 364 1173 res
387 1139 520 1185 postea
541 1134 716 1185 religioni
736 1134 826 1179 fuit,
851 1134 938 1184 quia
959 1146 1004 1172 eo
1026 1134 1148 1172 lustro
1171 1134 1294 1172 Roma
1316 1139 1376 1173 est
1395 1146 1458 1173 ca-

50 1194 133 1240 pta3
167 1202 239 1229 nec
265 1190 401 1229 deinde
426 1202 610 1241 umquam
642 1191 682 1229 in
711 1190 903 1229 demortui
929 1190 1058 1229 locum
1088 1202 1228 1228 censor
1254 1190 1456 1229 sufficitur.

53 1246 356 1297 consulibusque
378 1246 517 1285 morbo
539 1246 721 1298 inplicitis
743 1246 884 1298 placuit
905 1258 975 1297 per
995 1246 1257 1296 interregnum
1280 1247 1458 1285 renovari

51 1302 233 1353 auspicia.
269 1303 396 1354 itaque
418 1315 504 1342 cum
527 1316 571 1341 ex
594 1308 751 1342 senatus
775 1303 954 1341 consulto
977 1303 1156 1341 consules
1174 1303 1400 1352 magistratu
1418 1315 1459 1341 se

52 1357 315 1406 abdicassent,
345 1360 513 1398 interrex
536 1365 685 1398 creatur
704 1359 752 1398 M.
774 1358 913 1398 Furius
937 1359 1138 1405 Camillus,
1162 1359 1224 1409 qui
1247 1359 1289 1398 P.
1312 1358 1457 1398 Corne-

49 1414 141 1453 lium
166 1415 409 1466 Scipionem,
429 1416 461 1454 is
484 1415 622 1454 deinde
643 1415 684 1454 L.
706 1415 895 1454 Valerium
917 1415 1090 1453 Potitum
1111 1415 1342 1465 interregem
1363 1428 1458 1466 pro-

51 1470 156 1510 didit.
198 1471 244 1510 ab
272 1484 316 1510 eo
345 1472 461 1510 creati
489 1484 557 1510 sex
583 1472 728 1511 tribuni
757 1471 922 1511 militum
946 1471 1140 1510 consulari
1162 1474 1374 1523 potestate,
1405 1477 1457 1518 ut,

50 1527 165 1566 etiam
188 1528 221 1566 si
243 1529 303 1566 cui
325 1540 459 1567 eorum
481 1528 731 1567 incommoda
751 1528 927 1567 valetudo
949 1528 1100 1574 fuisset,
1124 1527 1234 1579 copia
1251 1528 1456 1578 magistra-

49 1588 160 1623 tuum
182 1583 237 1623 rei
258 1584 432 1635 publicae
453 1590 569 1623 esset.

49 1673 228 1715 Capitolini
246 1675 389 1714 hiessen,
408 1675 530 1706 ebenso
548 1675 599 1706 die
616 1675 719 1715 Quin-

50 1721 126 1756 etii,
146 1719 212 1759 vgl.
231 1719 269 1760 4,
287 1719 348 1759 43,
370 1719 397 1751 1.
415 1739 458 1743 —
476 1720 587 1761 ludos,
607 1731 634 1752 c.
656 1720 715 1758 193

49 1764 81 1803 4,
99 1764 154 1795 27.
170 1782 211 1786 —
226 1764 326 1796 aedes
344 1763 382 1803 I.‚
402 1775 428 1796 s.
447 1776 475 1796 c.
494 1764 624 1801 21:22.
651 1765 718 1796 Der

49 1808 188 1848 Tempel
206 1810 300 1840 stand
320 1808 379 1840 auf
393 1810 465 1841 dem
482 1810 680 1842 Aventinus.

95 1847 170 1895 31,
199 1854 219 1885 4
232 1873 254 1876 —
268 1848 339 1887 32.
377 1853 480 1895 Hrieg
497 1856 556 1887 mit
573 1856 634 1886 den
652 1855 718 1886 Ae-

50 1909 151 1940 quern
176 1900 240 1931 und
258 1898 472 1938 Volsiniern3
502 1901 615 1932 innere
634 1899 721 1932 Ver-

49 1944 224 1976 hiiltnisse.
252 1944 346 1976 Diod.
369 1944 420 1986 14,
440 1945 516 1976 109.

95 1989 184 2020 4—5.
217 1989 405 2029 caedendis,
425 1990 456 2031 3,
478 1990 528 2032 17,
546 1989 586 2029 23
605 1990 647 2021 ib.
665 1989 718 2029 39,

50 2034 87 2072 73
106 2038 201 2065 sonst
217 2032 300 2066 fehlt
317 2036 348 2066 ιή
368 2035 476 2066 selten
494 2035 545 2066 bei
564 2045 718 2078 perseve-

47 2089 138 2118 rare,
158 2078 286 2111 s.Curt.
306 2079 470 2120 3,32‚1S;
489 2079 717 2119 Justin.38,4,

50 2123 101 2166 11,
119 2124 185 2164 vgl.
205 2126 386 2156 continuus
401 2124 480 2156 Tac.
497 2125 582 2156 Ann.
600 2125 637 2166 4,
657 2124 717 2164 363

47 2170 172 2201 nimius
182 2169 265 2200 Hist,
285 2169 316 2209 4,
335 2168 394 2207 803
413 2171 455 2200 ‘iis
473 2170 518 2200 ist
536 2180 577 2200 zu
595 2170 716 2210 ergiin-

49 2223 110 2245 zen
129 2214 210 2245 oder
226 2214 318 2245 viell.
337 2212 562 2254 ausgel'alleng
582 2214 716 2255 Madvig

49 2258 127 2290 liest
144 2258 314 2298 caedendi,
334 2259 549 2300 ohnejedoch
568 2260 620 2291 ein
638 2260 718 2291 {ihu-

49 2303 153 2335 liches
175 2304 319 2346 Beispiel
345 2305 457 2336 dieser
480 2304 716 2336 Construction

49 2348 101 2379 bei
127 2359 353 2392 perseverans
381 2347 600 2381 anzufiihren.
621 2367 666 2372 —
683 2351 718 2381 in

37 2393 138 2435 suga
154 2408 176 2420 =
189 2405 264 2426 cum
282 2397 313 2425 z'n
322 2395 424 2437 fuga
440 2397 611 2426 essent.-—
630 2394 667 2427 V
668 2394 717 2426 ol-

48 2440 129 2480 sz'n.,
155 2438 318 2479 Volsinii,
343 2439 550 2480 (etruskisch
568 2439 717 2471 Velsuua

51 2484 132 2515 oder
147 2483 319 2526 Velsina),
352 2485 425 2516 eine
449 2486 509 2516 der
528 2484 568 2516 12
586 2484 715 2516 etrusk.

49 2529 304 2570 Bundessttidte,
318 2529 461 2571 jenseits
477 2531 534 2561 des
549 2529 654 2561 saltus
663 2529 717 2560 Ci-

48 2574 184 2613 minius3
203 2584 307 2616 gegen
325 2574 472 2606 dieselbe
490 2575 628 2606 wenden
647 2575 715 2606 sich

49 2619 102 2650 die
119 2618 256 2662 Rb'mer,
288 2621 444 2652 nachdem
468 2619 544 2661 Veji
569 2618 714 2660 gefallen

48 2664 113 2696 und
146 2663 273 2697 Falerii
312 2665 535 2697 iiberwunden
576 2666 641 2706 ist,
686 2675 713 2697 s.

790 1674 990 1715 Mommsen,
1011 1674 1045 1713 1,
1067 1674 1144 1706 334.
1161 1692 1205 1696 —
1219 1673 1389 1717 peslt‘lenl.
1402 1698 1411 1714 ,
1429 1684 1456 1705 s.

790 1720 885 1752 Dion.
907 1719 964 1761 13,
982 1720 1013 1751 4.
1031 1738 1074 1742 -
1091 1720 1226 1751 calorib.
1245 1719 1280 1758 2,
1305 1720 1343 1757 5,
1362 1718 1394 1749 2.
1413 1737 1458 1742 —

790 1764 938 1808 Salpia,
968 1765 1019 1795 die
1037 1764 1150 1804 stadt,
1181 1764 1455 1795 wahrscheinlich

791 1812 822 1841 in
841 1811 900 1841 der
917 1809 1010 1841 N'ahe
1034 1820 1098 1841 von
1117 1809 1277 1848 Volsinii,
1306 1809 1350 1840 ist
1368 1809 1457 1840 nicht

791 1856 911 1886 weiter
928 1854 1084 1885 bekannt.

837 1899 912 1931 6-9.
939 1899 1013 1937 lul„
1028 1899 1118 1930 nicht
1131 1899 1190 1930 der
1203 1909 1229 1929 c.
1243 1898 1254 1928 1
1273 1902 1457 1937 genannte:

792 1945 852 1976 der
869 1945 992 1976 andere
1007 1943 1143 1985 Censor,
1155 1943 1192 1975 L.
1210 1943 1361 1985 Papirius
1376 1942 1459 1974 Cur·

792 2000 860 2030 sor,
878 1990 963 2021 wird
981 1989 1009 2030 9,
1029 1988 1082 2027 34,
1101 1989 1143 2020 20
1160 1988 1383 2028 gelegentlich
1401 1998 1458 2019 er-

791 2036 921 2074 wiihnt3
952 2035 1033 2066 nach
1059 2035 1120 2065 den
1150 2033 1229 2065 fasti
1247 2033 1281 2064 C.
1307 2033 1379 2064 sind
1409 2034 1456 2064 sie

791 2079 853 2111 361
870 2091 899 2112 a.
914 2091 945 2111 u.
962 2079 1168 2120 gewlihlt.—-
1181 2078 1365 2120 sufficitur,
1380 2078 1457 2109 weil

791 2126 842 2157 die
861 2125 1028 2156 dauernde
1047 2124 1131 2156 Sitte
1149 2123 1344 2154 bezeichnet
1368 2132 1456 2154 wer-

791 2171 853 2202 den
883 2170 957 2201 soll.
1023 2169 1107 2201 nass
1141 2169 1200 2200 der
1232 2168 1455 2199 iiberlebende

790 2215 919 2247 Censor
947 2215 1017 2247 sein
1041 2216 1134 2254 Amt,
1165 2214 1243 2245 weil
1271 2213 1454 2253 gesetzlicli

789 2260 1052 2292 zweiCensoren
1067 2260 1107 2290 da
1122 2259 1191 2290 sein
1205 2262 1365 2297 mussten,
1384 2257 1456 2288 nie-

787 2306 989 2345 derzulegen
999 2304 1209 2347 verpssichtet
1222 2313 1300 2342 war,
1315 2302 1455 2333 istnicht

789 2351 949 2391 erwiihnt,
970 2361 996 2382 s.
1016 2350 1046 2389 9,
1066 2349 1118 2390 34,
1139 2348 1196 2386 173
1214 2347 1269 2386 213
1291 2346 1321 2387 6,
1340 2346 1393 2378 27.
1410 2364 1455 2369 -—

788 2396 1047 2438 consulibusque
1057 2393 1230 2425 scheintso
1240 2390 1453 2433 angekniipft,

788 2441 866 2472 weil
905 2441 976 2472 hier
1007 2439 1135 2479 gleiche
1173 2436 1359 2474 Ursaonem
1401 2437 1453 2468 die

788 2484 974 2517 Krankheit
1000 2485 1065 2516 und
1095 2482 1253 2522 religiose
1277 2481 1453 2512 Bedenken

787 2531 943 2563 wirkten:
958 2530 1025 2569 vgl.
1036 2526 1176 2560 Nieb.R.
1187 2526 1267 2566 G.2,
1282 2526 1360 2560 5552
1375 2525 1452 2557 634.

788 2594 830 2599 -—
849 2576 1026 2615 renovari,
1045 2584 1072 2605 c.
1096 2573 1153 2613 17,
1171 2571 1203 2603 3.
1222 2590 1265 2594 —-
1282 2574 1405 2611 creat.‚
1423 2571 1452 2612 4,

787 2621 824 2662 7,
846 2621 875 2652 7.
894 2639 938 2643 -
955 2621 1069 2658 sicui,
1087 2618 1157 2649 wol
1176 2627 1237 2649 nur
1254 2627 1317 2648 von
1335 2616 1373 2648 L.
1393 2626 1452 2648 an-

786 2675 1018 2707 genommener
1037 2663 1161 2696 Grund.

1115 2718 1186 2750 21*
