1698 2864
547 205 676 239 LmER
701 206 741 240 v.
779 206 872 239 CAP.
896 207 950 239 47.
974 207 1029 239 48.
1403 209 1483 249 355

75 222 101 240 a.
123 215 175 240 Ch.
197 216 258 240 390.

74 307 151 347 vini
173 308 220 347 ad
242 308 354 347 aedes
376 308 477 355 eius,
500 320 596 359 quae
617 309 657 347 in
678 320 765 347 arce
785 314 913 355 erant,
935 309 1182 348 contulerunt
1201 332 1253 337 —
1275 321 1357 348 rem
1380 310 1483 350 dictu

71 376 242 416 parvam,
264 369 432 403 ceterum
449 364 579 415 inopia
594 364 738 404 fecerat
753 377 837 403 eam
853 369 1126 414 argumentum
1142 365 1281 416 ingens
1300 366 1479 412 caritatis,

73 432 161 460 cum
183 433 224 460 se
245 420 408 472 quisque
430 421 532 460 victu
552 433 624 460 suo
645 421 828 460 fraudans
849 421 1061 459 detractum
1085 421 1241 472 corpori
1264 426 1377 472 atque
1400 423 1480 462 usi-

71 476 146 516 bus
179 477 407 516 necessariis
436 477 483 515 ad
515 477 705 516 honorem
737 477 853 516 unius
881 476 953 515 viri
986 477 1190 516 conferret.
1239 482 1322 516 tum
1353 479 1480 529 vigiles

72 533 155 572 eius
177 533 263 579 loci,
285 546 359 584 qua
377 533 566 572 fefellerat
586 533 799 572 ascendens
820 533 956 580 hostis,
979 533 1100 581 citati,
1122 538 1159 572 et
1180 545 1267 572 cum
1287 533 1325 572 in
1343 547 1480 574 omnes

70 601 181 628 more
208 589 362 628 militari
383 602 424 629 se
445 589 805 629 animadversurum
829 590 874 637 Q.
897 589 1089 640 Sulpicius
1109 589 1290 628 tribunus
1312 590 1478 630 militum

70 645 382 697 pronuntiasset,
418 646 682 685 consentiente
721 646 889 686 clamore
917 645 1081 684 militum
1110 645 1148 684 in
1180 658 1298 685 unum
1327 646 1477 696 vigilem

69 702 316 741 coicientium
339 703 490 753 culpam
512 703 717 742 deterritus
740 715 760 742 a
782 702 917 742 ceteris
940 702 1137 748 abstinuit,
1160 714 1269 741 reum
1287 702 1387 741 haud
1405 703 1477 742 du-

68 757 175 797 bium
196 759 278 798 eius
300 770 422 798 noxae
443 759 748 810 adprobantibus
771 759 919 798 cunctis
942 759 988 797 de
1009 771 1101 797 saxo
1123 758 1270 797 deiecit.
1305 758 1395 798 inde
1416 759 1476 798 in-

66 815 254 854 tentiores
275 815 470 866 utrimque
493 816 693 855 custodiae
711 828 810 862 esse,
832 820 870 854 et
889 815 992 866 apud
1011 814 1152 862 Gallos,
1176 815 1263 866 quia
1282 814 1476 866 vulgatum

68 876 149 910 erat
168 871 268 910 inter
283 871 397 911 Veios
415 872 659 923 Romamque
674 872 832 912 nuntios
853 883 1083 918 commeare,
1105 876 1142 910 et
1159 871 1258 922 apud
1276 870 1476 910 Roma-nos

68 926 114 965 ab
135 928 318 967 nocturni
338 928 496 979 periculi
517 928 720 968 memoria.

179 984 256 1023 Sed
285 989 373 1023 ante
401 985 531 1023 omnia
558 985 772 1023 obsidionis
801 984 965 1034 bellique
993 983 1090 1022 mala
1117 984 1239 1022 fames
1268 988 1477 1034 utrumque

66 1040 278 1079 exercitum
305 1040 484 1090 urgebat,
521 1040 650 1079 Gallos
681 1039 895 1092 pestilentia
925 1040 1060 1084 etiam,
1100 1052 1186 1078 cum
1214 1039 1300 1077 loco
1330 1039 1476 1078 iacente

65 1096 167 1134 inter
187 1096 359 1135 tumulos
381 1101 506 1135 castra
527 1096 712 1135 habentes
732 1102 815 1136 tum
838 1095 883 1134 ab
900 1095 1086 1134 incendiis
1103 1095 1252 1134 torrido
1270 1100 1307 1134 et
1321 1095 1475 1146 vaporis

64 1152 181 1202 pleno
210 1152 458 1203 cineremque
486 1165 568 1191 non
597 1153 792 1204 pulverem
814 1152 933 1190 modo
954 1151 1120 1198 ferente,
1151 1163 1239 1189 cum
1262 1151 1352 1202 quid
1374 1151 1476 1190 venti

65 1212 219 1247 motum
241 1213 354 1247 esset.
391 1221 557 1259 quorum
579 1208 917 1248 intolerantissima
935 1220 1042 1258 gens,
1063 1207 1268 1258 umorique
1285 1219 1328 1245 ac
1342 1207 1477 1257 frigori

64 1264 234 1312 adsueta,
257 1277 343 1304 cum
367 1269 475 1304 aestu
496 1270 533 1304 et
553 1277 695 1316 angore
716 1270 846 1303 vexata
869 1264 1028 1314 vulgatis
1050 1263 1153 1302 velut
1172 1263 1210 1301 in
1232 1275 1350 1314 pecua
1369 1276 1476 1302 mor—

64 1320 123 1360 bis
150 1326 417 1368 morerentur,
445 1322 520 1360 iam
542 1321 694 1373 pigritia
718 1321 890 1372 singulos
914 1319 1127 1371 sepeliendi
1150 1319 1347 1369 promisce
1368 1331 1476 1358 acer-

62 1455 273 1496 persb‘nliche
298 1455 485 1495 Beziehung
507 1455 732 1486 hervorzuhe-

63 1500 137 1532 beu.
155 1518 199 1523 —
215 1500 377 1541 selibras,
397 1501 426 1541 4,
450 1500 500 1540 15,
519 1499 557 1538 63
578 1500 608 1538 7,
627 1499 680 1539 37,
700 1499 731 1531 3.

62 1555 135 1576 rem
158 1544 189 1576 d.
213 1556 328 1589 partu,
351 1545 418 1585 vgl.
444 1545 484 1584 4,
508 1544 559 1585 17,
583 1544 622 1583 4;
652 1544 733 1576 aber

62 1590 134 1622 hier
150 1588 217 1622 fast
234 1591 285 1621 ein
304 1589 445 1630 Ausruf,
464 1590 567 1621 daher
584 1592 733 1622 ceterum

62 1646 147 1667 eam.
171 1635 421 1677 —f1·audans,
451 1634 488 1674 2,
521 1634 579 1674 10,
611 1633 662 1666 13.
687 1652 733 1657 ——

59 1682 260 1712 necessariis
277 1692 346 1721 us„
368 1681 491 1712 nabere
510 1679 733 1720 Bestimmung

63 1736 104 1756 zu
121 1727 271 1767 corpori:
290 1726 382 1757 ihren
402 1726 540 1765 eigenen
559 1725 732 1756 notbwen-

61 1771 157 1811 digen
175 1769 557 1808 Lebensbediirfuissen,
577 1769 607 1809 3,
626 1769 679 1810 54,
699 1769 730 1801 8.

60 1815 243 1857 —fefell.,
262 1826 290 1847 c.
309 1815 341 1857 2,
359 1815 390 1847 3.
409 1833 454 1838 —
470 1825 565 1847 more
581 1825 639 1855 m.,
656 1825 682 1846 s.
703 1825 731 1847 c.

65 1860 117 1901 19,
134 1861 167 1892 4.

110 1913 186 1944 10-
202 1913 254 1945 11.
284 1913 326 1945 de
347 1924 451 1953 saaeo,
477 1914 513 1954 6,
534 1914 592 1954 20,
615 1912 672 1944 12:
691 1913 732 1945 de

61 1969 148 1990 saaeo
170 1958 312 2001 Tarpeio
330 1958 537 1996 dez'ecerunt3
557 1959 611 1999 24,
630 1958 681 1999 20,
701 1958 730 2000 6,

61 2003 128 2043 vgl.
147 2003 207 2043 45,
229 2004 283 2042 22,
302 2004 339 2043 73
359 2009 454 2035 sonst
471 2005 527 2035 hat
541 2004 577 2035 L.
592 2003 645 2034 bei
659 2003 730 2034 dei-

61 2059 136 2080 cere
159 2049 221 2080 den
247 2048 380 2080 blossen
405 2049 479 2081 Abl.
504 2049 556 2081 od.
581 2059 644 2087 eoeg
670 2059 732 2079 zur

62 2093 166 2125 sache
191 2104 219 2125 s.
237 2093 332 2125 Dion.
354 2092 411 2131 13,
434 2093 484 2125 12.
503 2112 547 2117 --
563 2093 641 2126 inde
657 2096 730 2134 int„

62 2150 88 2170 s.
108 2138 143 2181 8,
169 2138 205 2178 8,
227 2140 262 2177 13
281 2138 348 2178 vgl.
368 2138 523 2170 Claudius
543 2138 731 2180 Quadriga-

62 2184 130 2215 rius
155 2184 207 2215 bei
226 2183 314 2216 Gell.
336 2183 386 2223 17,
411 2183 447 2223 2,
471 2182 530 2214 26:
554 2185 730 2226 putabant,

59 2231 169 2271 inquit
187 2228 397 2268 (Claudius),
421 2239 478 2260 eos
500 2229 660 2270 quisorz's
677 2231 732 2260 at-

61 2285 123 2316 que
145 2275 203 2316 qui
218 2276 253 2305 in
269 2284 349 2306 arce
366 2276 464 2305 erant
479 2275 569 2305 inter
584 2284 622 2305 se
638 2284 730 2305 com·-

60 2321 263 2352 mutationes
281 2322 314 2351 et
330 2318 610 2360 consiliasacere.

107 2392 176 2432 48.
206 2399 238 2432 2.
271 2399 342 2431 loco
365 2404 445 2439 etc.,
469 2399 521 2430 die
539 2397 628 2438 Lage
647 2398 729 2429 zwi-

61 2446 161 2476 scheu
191 2445 253 2476 den
283 2444 409 2484 Hiigeln
441 2445 500 2475 der
530 2443 645 2484 Stadt,
675 2453 727 2474 wo

61 2491 130 2521 sich
149 2490 330 2521 besonders
349 2490 389 2521 im
409 2489 564 2528 Herbste‚
583 2489 642 2519 der
659 2488 730 2519 hier

61 2546 101 2566 zu
120 2535 248 2566 denken
273 2536 334 2575 ist,
359 2535 508 2566 Seucben
526 2534 589 2565 und
608 2532 730 2564 Fieber

61 2590 238 2620 erzeugen,
259 2590 285 2612 s.
304 2579 336 2620 3,
355 2580 385 2618 6,
404 2579 435 2612 2.
448 2597 493 2602 -—
508 2581 730 2620 cineremque,

59 2626 120 2657 mit
140 2624 336 2658 Nachdruck
365 2635 493 2658 vorau-
524 2624 589 2655 und
618 2633 729 2663 umge-

807 1453 917 1492 stent,
937 1464 963 1484 s.
983 1451 1003 1494 ξ
1022 1452 1059 1491 τ;
1078 1451 1114 1493 3,
1133 1452 1163 1492 7,
1181 1452 1220 1491 43
1240 1452 1294 1493 21,
1312 1454 1365 1495 54,
1384 1453 1413 1485 3.
1431 1472 1477 1477 —

803 1500 951 1540 ferente,
969 1496 1154 1537 aufsteigen
1174 1497 1266 1537 liess,
1284 1499 1384 1530 durch
1399 1510 1475 1531 cum

806 1542 886 1585 quid
897 1547 973 1583 etc.‚
988 1542 1063 1581 „bei
1074 1542 1185 1581 jedem
1200 1543 1341 1575 leichten
1354 1544 1474 1575 Wind-

805 1588 926 1628 zuge“‚
944 1587 1094 1627 ergiinzt.

851 1633 880 1664 3.
918 1643 1063 1675 quorum
1080 1650 1103 1654 -
1124 1631 1270 1664 adsueta
1299 1633 1388 1665 steht
1416 1644 1473 1664 zu-

805 1679 923 1709 niichst
945 1678 1004 1709 mit
1021 1678 1093 1708 dem
1112 1676 1318 1717 Vorhergeb.
1338 1678 1370 1709 in
1390 1677 1475 1710 Ver·

805 1723 950 1763 bindung
977 1722 1042 1753 und
1069 1721 1161 1761 giebt
1189 1722 1250 1753 den
1281 1721 1394 1754 Grund
1423 1733 1474 1765 an,

805 1778 930 1800 warum
957 1768 1009 1799 die
1027 1767 1221 1798 erwiihnten
1240 1766 1473 1799 Verhiiltnisse

804 1813 925 1854 gerade
942 1811 1002 1843 auf
1014 1812 1066 1843 die
1081 1811 1209 1843 Gallier
1222 1822 1258 1842 so
1273 1813 1475 1853 naclitbeilig

804 1858 958 1897 wirkten,
972 1857 1077 1888 bildet
1090 1856 1260 1888 aber-auch
1275 1858 1336 1888 den
1348 1857 1474 1889 Ueber-

803 1913 889 1943 gang
921 1913 962 1933 zu
995 1902 1055 1933 der
1084 1901 1201 1933 locker
1228 1901 1473 1944 angekniipften

803 1948 997 1987 Erkliirung
1014 1947 1072 1978 des
1088 1946 1279 1988 Ursprungs
1297 1947 1357 1978 der
1373 1949 1473 1979 busta

806 1992 951 2033 Gallica,
996 1993 1060 2023 und
1099 1992 1144 2023 ist
1178 1992 1375 2023 namentlieh
1409 2002 1471 2023 von

803 2040 929 2070 vescata
952 2038 1042 2068 nicht
1066 2047 1106 2067 zu
1130 2041 1283 2068 trennen.
1307 2055 1352 2060 —
1376 2047 1472 2069 umo-

802 2085 898 2125 rique
931 2084 972 2122 (=
1000 2083 1152 2117 humori)
1187 2086 1273 2120 etc.,
1314 2082 1345 2112 in
1379 2082 1472 2114 ihren

804 2128 1045 2163 Wohnsitzen,
1071 2136 1122 2158 ani
1148 2125 1277 2166 Ocean,
1302 2137 1329 2157 c.
1354 2126 1414 2167 37,
1440 2127 1471 2160 2.

803 2173 869 2205 Das
896 2173 997 2204 rauhe
1014 2170 1123 2203 Klima
1143 2170 1293 2202 Galliens
1317 2171 1399 2202 wir-d
1424 2172 1472 2203 oft

804 2218 972 2258 erwfihnt,
997 2228 1024 2249 s.
1045 2217 1112 2249 Cic.
1133 2217 1171 2247 de
1190 2227 1282 2258 prov.
1302 2226 1391 2247 cous.
1413 2216 1470 2247 12:

803 2263 885 2305 quid
908 2266 959 2295 est
981 2262 1046 2294 iltis
1069 2263 1266 2303 regionibus
1290 2262 1468 2302 asperia-<53

804 2308 898 2340 Caes.
928 2309 962 2340 B.
993 2307 1031 2338 G.
1066 2306 1182 2345 1,16;
1214 2306 1247 2345 7,
1272 2304 1290 2336 8
1318 2315 1350 2336 u.
1373 2315 1402 2336 a.
1426 2325 1471 2329 —

803 2357 919 2393 aestu,
943 2352 1044 2385 Gluth
1069 2352 1098 2382 in
1118 2349 1221 2390 Folge
1240 2350 1300 2381 der
1317 2349 1468 2381 Sonneu-

802 2399 890 2430 bitze
921 2398 986 2429 und
1011 2397 1070 2427 der
1092 2394 1377 2432 Feuersbriinste3
1407 2406 1470 2426 αη-

800 2454 895 2485 gore,
918 2442 1149 2479 Beklemmung
1166 2440 1265 2470 durch
1285 2440 1388 2471 Staub
1405 2441 1469 2471 und

803 2490 923 2520 Asche.
941 2506 984 2510 —
1000 2488 1226 2524 morerentur,
1245 2483 1304 2515 auf
1318 2485 1368 2515 die
1387 2484 1469 2515 Ein-

802 2534 920 2565 zelnen
945 2532 1103 2571 bezogen,
1121 2530 1161 2561 da
1180 2530 1237 2560 das
1255 2529 1411 2560 Priidicat
1428 2540 1469 2560 zu

799 2590 887 2620 gens
912 2577 1001 2609 nicht
1025 2579 1147 2617 passte.
1166 2592 1208 2596 —
1225 2576 1367 2616 pigritia
1385 2585 1468 2617 sep„

805 2624 832 2666 1,
857 2623 913 2660 31,
940 2623 976 2653 5:
998 2621 1142 2664 pigritia
1165 2618 1350 2658 militandi,
1375 2619 1411 2658 6,
1436 2619 1466 2656 4,

1134 2674 1199 2706 23*

1509 653 1549 684 10

1508 764 1544 795 11
