1698 2864
90 227 115 246 a.
140 219 192 246 Ch.
211 220 274 245 403.
596 209 724 242 LIBER
751 209 789 243 v.
837 209 932 241 (Ἀρ.
953 208 984 241 6.
1407 209 1486 248 271

88 312 402 362 contendantque
423 316 465 362 vet
491 311 629 350 animis
659 316 697 350 et
724 310 956 362 corporibus
985 312 1065 349 suis
1093 310 1239 349 virilem
1266 310 1488 361 patientiam

85 370 226 415 inesse,
249 373 287 407 et
308 380 349 406 se
368 368 470 406 iuxta
491 367 617 406 hieme
639 373 752 418 atque
772 371 913 406 aestate
934 366 1030 405 bella
1052 379 1184 417 gerere
1205 379 1334 417 posse,
1355 379 1427 405 nec
1448 379 1490 406 se

85 424 343 476 patrocinium
369 423 548 462 mollitiae
573 424 807 475 inertiaeque
835 423 1042 461 mandasse
1070 423 1255 468 tribunis,
1285 427 1322 461 et
1349 423 1488 461 memi-

85 480 192 519 nisse
218 481 318 519 hanc
345 480 471 530 ipsam
499 485 731 531 potestatem
759 491 839 518 non
861 479 899 517 in
920 478 1056 517 umbra
1079 490 1149 516 nec
1171 479 1208 516 in
1230 479 1340 517 tectis
1363 479 1485 517 maio-

83 549 145 576 res
168 549 261 575 suos
283 549 448 575 creasse.
484 536 580 575 haec
600 537 736 575 virtute
758 536 923 574 militum
945 539 1178 580 vestrorum,
1201 535 1293 573 haec
1310 535 1484 573 Romano

83 593 243 631 nomine
267 597 358 631 sunt
386 593 518 642 digna,
553 605 633 631 non
656 593 768 631 Veios
796 597 945 630 tantum
974 603 1045 629 nec
1072 592 1147 629 hoc
1174 591 1312 629 bellum
1336 591 1485 637 intueri,

85 650 188 700 quod
210 649 346 695 instat,
370 649 436 687 sed
458 649 598 687 famam
621 654 659 688 et
679 649 724 688 ad
747 648 817 687 alia
839 648 933 686 bella
956 652 993 686 et
1015 648 1060 686 ad
1085 652 1234 686 eeteros
1258 646 1425 698 populos
1448 648 1487 685 in

82 710 285 756 posterum
307 717 500 756 quaerere.
536 717 583 744 an
604 706 798 744 mediocre
819 704 1026 743 discrimen
1049 703 1244 754 opinionis
1263 708 1486 741 secuturum

84 774 130 800 ex
156 762 228 800 hac
254 774 294 800 re
323 761 482 812 putatis,
511 767 642 800 utrum
672 761 826 800 tandem
857 760 1022 799 finitumi
1048 760 1236 811 populum
1266 759 1486 798 Romanum

83 830 169 856 eum
200 830 286 856 esse
308 823 463 868 putent,
493 818 602 857 cuius
626 819 657 856 si
680 831 753 869 qua
774 818 867 856 urbs
891 817 1058 868 primum
1083 817 1187 855 illum
1211 821 1247 854 et
1268 815 1487 854 brevissimi

46 916 57 925 ,
81 874 271 925 temporis
295 874 520 913 sustinuerit
539 874 740 925 impetum,
763 874 855 912 nihil
874 873 1012 912 deinde
1027 873 1176 918 timeat,
1200 885 1247 910 an
1264 872 1326 910 hic
1343 872 1393 910 sit
1408 877 1485 910 ter-

81 943 149 969 ror
169 931 340 969 nominis
363 931 500 976 nostri,
522 936 563 969 ut
583 931 791 969 exercitum
810 930 1027 968 Romanum
1050 941 1130 967 non
1147 929 1314 967 taedium
1332 927 1487 977 longin-

82 999 179 1037 quae
209 987 532 1037 oppugnationis,
560 999 640 1025 non
669 986 723 1024 vis
746 986 883 1024 hiemis
906 985 952 1023 ab
974 985 1069 1023 urbe
1091 985 1346 1023 circumsessa
1369 983 1487 1022 semel

80 1055 258 1081 amovere
278 1044 417 1093 possit,
438 1056 509 1081 nec
530 1043 646 1080 finem
668 1043 786 1080 ullum
808 1042 923 1080 alium
946 1041 1031 1079 belli
1053 1053 1167 1091 quam
1190 1040 1388 1078 victoriam
1410 1051 1486 1077 no-

80 1099 194 1146 verit,
227 1111 298 1137 nec
324 1099 472 1150 impetu
501 1099 631 1149 potius
660 1098 753 1136 bella
783 1110 896 1149 quam
919 1096 1200 1148 perseverantia
1224 1093 1358 1146 gerat?
1390 1107 1486 1146 quae

79 1155 119 1193 in
142 1155 247 1193 omni
269 1154 422 1206 quidem
445 1167 588 1204 genere
605 1155 772 1199 militiae,
795 1154 960 1192 maxime
976 1158 1104 1191 tamen
1121 1152 1158 1190 in
1178 1151 1401 1190 obsidendis
1417 1164 1485 1190 ur-

78 1211 192 1250 bibus
214 1211 430 1249 necessaria
453 1216 523 1257 est,
545 1223 707 1261 quarum
730 1211 934 1261 plerasque
955 1208 1238 1247 munitionibus
1261 1221 1303 1246 ae
1325 1207 1486 1246 naturali

80 1268 157 1307 situ
187 1267 504 1318 inexpugnabiles
530 1267 631 1305 fame
661 1267 797 1317 sitique
818 1272 973 1316 tempus
996 1266 1123 1316 ipsum
1147 1264 1263 1303 vincit
1284 1269 1395 1315 atque
1416 1277 1486 1302 ex-

80 1329 238 1374 pugnat,
262 1324 362 1362 sicut
378 1324 488 1362 Veios
512 1323 756 1374 expugnabit,
780 1323 853 1361 nisi
876 1322 1016 1360 auxilio
1040 1321 1217 1360 hostibus
1234 1320 1380 1358 tribuni
1398 1320 1481 1370 ple-

79 1381 138 1419 bis
159 1380 319 1424 fuerint,
350 1385 386 1418 et
408 1380 551 1418 Romae
573 1380 788 1418 invenerint
808 1378 996 1429 praesidia
1019 1378 1206 1422 Veientes,
1230 1389 1326 1427 quae
1347 1376 1483 1426 nequi-

80 1449 193 1488 quam
221 1436 260 1474 in
289 1436 440 1475 Etruria
467 1441 666 1486 quaerunt.
708 1447 756 1474 an
783 1440 841 1474 est
869 1435 1095 1486 quicquam,
1129 1433 1232 1484 quod
1263 1432 1482 1471 Veientibus

80 1497 255 1543 optatum
277 1505 395 1543 aeque
417 1493 641 1542 contingere
663 1492 806 1542 possit,
835 1504 949 1542 quam
973 1496 1013 1529 ut
1036 1489 1289 1529 seditionibus
1313 1489 1482 1539 primum

78 1549 174 1588 urbs
195 1549 388 1596 Romana,
410 1549 546 1587 deinde
566 1549 667 1587 velut
687 1561 732 1587 ex
754 1547 984 1598 contagione
1008 1552 1129 1586 eastra
1153 1543 1413 1597 impleantur?
1446 1548 1484 1583 at

78 1683 168 1715 kalte
187 1682 294 1723 Tage,
326 1693 351 1714 s.
374 1682 408 1723 2,
440 1683 469 1722 5,
503 1682 534 1714 3.
559 1701 603 1705 -
625 1684 745 1714 umbra

79 1728 149 1760 Bild
175 1729 234 1759 der
259 1727 527 1765 Vt'eichlicbkeiu
559 1738 620 1759 zur
639 1728 743 1759 Sache

79 1773 111 1812 2,
129 1773 182 1804 32.
197 1791 240 1796 —
253 1774 367 1814 instat,
385 1774 414 1809 ⁸2,
433 1772 485 1813 48,
505 1773 535 1804 6.
552 1791 592 1795 —-
606 1773 651 1805 ad
665 1773 744 1812 alia,

78 1816 148 1858 fiir,
179 1818 245 1858 vgl.
276 1817 296 1859 ξ
329 1818 408 1849 lad
430 1818 532 1856 disc.;
562 1817 607 1849 ad
630 1821 743 1858 Μέθη,

78 1863 148 1902 bei3
169 1873 195 1894 s.
213 1863 267 1902 29,
291 1863 340 1899 11,
361 1863 397 1901 43
417 1862 449 1901 6,
468 1863 520 1903 34,
539 1864 570 1894 5.

125 1909 155 1940 7.
188 1919 230 1939 an
253 1907 422 1939 mediocre
441 1912 520 1948 ete„
546 1908 673 1939 Beweis
691 1906 744 1938 fiir

79 1954 140 1985 den
164 1954 206 1984 im
231 1954 426 1993 vorbergeh.
447 1953 547 1984 Satze
578 1953 744 1983 enthalte-

80 2008 141 2029 nen
153 1997 350 2029 Gedanken:
371 2008 406 2029 es
421 1998 555 2029 handelt
573 1999 640 2029 sich
655 1998 744 2038 jetzt

80 2043 171 2074 nicht
189 2043 260 2074 blos
278 2053 329 2073 um
353 2044 404 2074 die
423 2043 620 2083 Eroberung
639 2043 743 2083 Vejis,

80 2088 223 2119 sondern
243 2098 293 2118 um
313 2088 372 2118 den
392 2086 458 2119 Rus
477 2099 509 2119 11.
527 2087 743 2128 Rriegsruhm

80 2133 178 2165 Roms
207 2133 406 2174 uberhaupt,
442 2133 524 2163 deun
555 2134 606 2164 ihr
639 2134 744 2164 miisst

81 2179 284 2216 einr'a'umen,
303 2179 378 2208 dass
398 2178 466 2208 sich
485 2178 534 2208 die
555 2178 742 2209 &ffentliche

80 2223 238 2264 Meiuung
267 2223 467 2264 uberhaupt,
496 2224 576 2253 auch
607 2223 742 2254 beiden

79 2269 223 2299 anderen
250 2268 395 2299 Volkern
417 2269 594 2311 (opinionis
614 2268 745 2299 bezieht

80 2314 148 2345 sich
173 2314 213 2344 im
233 2313 443 2353 Gegensatze
468 2323 508 2343 zu
525 2313 672 2355 finitimi
690 2311 748 2344 auf

80 2362 210 2390 ceteros
236 2359 409 2401 populos),
438 2368 521 2397 ganz
546 2359 666 2388 anders
690 2368 746 2397 ge-

82 2405 203 2436 stalten
229 2405 325 2443 wird,
351 2404 385 2443 je
412 2404 565 2434 nachdem
592 2403 621 2433 iu
642 2403 745 2443 Folge

81 2459 220 2480 unseres
234 2447 436 2480 Vei-famens
452 2459 512 2479 vor
528 2448 602 2488 veji
621 2449 672 2478 (lie
691 2448 745 2479 be-

80 2494 278 2525 naclibarten
298 2494 424 2525 Vo‘lker
453 2495 625 2524 entweder
649 2493 746 2532 glau-

81 2539 157 2579 ben,
177 2540 253 2570 dass
271 2558 292 2561 —
310 2540 390 2570 oder
409 2550 467 2569 uns
486 2549 522 2569 so
542 2537 692 2569 siin—chien
713 2549 744 2569 u.

81 2595 108 2615 s.
127 2594 168 2614 w.
188 2602 226 2606 —
244 2587 359 2616 utrum
377 2603 399 2606 —
415 2596 457 2615 nn
481 2584 648 2614 entlmlten
674 2584 745 2614 eine

83 2629 219 2661 weitere
237 2628 453 2669 Ausfiibrung
476 2640 538 2661 von
558 2640 602 2660 ea·
618 2629 679 2660 liae
698 2639 745 2669 re,

817 1682 879 1713 wie
903 1680 923 1723 ξ
947 1680 966 1712 6
988 1692 1052 1713 non
1079 1680 1184 1713 Veios
1207 1690 1269 1711 von
1293 1680 1389 1719 haec,
1418 1678 1483 1709 und

817 1728 889 1758 sind
907 1727 1010 1757 daber
1033 1726 1122 1757 nicht
1146 1736 1209 1756 von
1234 1725 1412 1756 discrimen
1431 1734 1484 1755 se-

817 1774 976 1803 cuturum
1009 1771 1182 1810 abhiingig.
1207 1789 1244 1792 —
1275 1769 1393 1801 det'nde
1425 1769 1482 1799 be-

816 1817 905 1847 zieht
933 1816 1001 1847 sich
1032 1817 1120 1846 nicht
1145 1815 1272 1845 sowobl
1296 1812 1355 1845 auf
1377 1815 1409 1845 si
1434 1813 1484 1844 als

815 1860 874 1892 auf
895 1862 1061 1904 primum:
1085 1861 1188 1897 dann,
1214 1869 1309 1890 wenn
1341 1860 1397 1889 das
1417 1859 1487 1889 ein-

815 1911 968 1946 getreten
984 1907 1044 1937 sei.

862 1951 937 1982 8-9.
972 1953 1009 1982 ut
1025 1969 1047 1972 —
1060 1952 1174 1993 possit
1198 1950 1268 1980 dem
1287 1948 1486 1987 vorhergeh.

813 1999 934 2039 putent
948 1995 1199 2037 entsprechend‚
1221 1999 1319 2025 statt:
1334 1993 1484 2025 utintel—

814 2042 944 2083 [ῖς-αἶα]-
967 2060 989 2063 -
1011 2052 1077 2072 non
1099 2051 1221 2083 posse,
1251 2039 1282 2079 l,
1309 2039 1363 2079 ll,
1390 2038 1426 2075 73
1452 2037 1482 2077 3,

816 2087 868 2125 31³,
889 2089 919 2117 (j.
937 2105 982 2110 —
997 2086 1216 2127 longinquae,
1235 2085 1272 2121 4,
1295 2083 1349 2124 18,
1368 2084 1405 2122 23
1424 2092 1484 2113 an-

816 2133 891 2163 ders
916 2131 952 2170 3,
983 2131 1041 2170 33,
1073 2132 1102 2161 5.
1121 2149 1164 2152 —
1182 2139 1241 2161 nec
1256 2131 1396 2170 —gerat
1421 2127 1484 2158 soll

816 2187 878 2208 nur
896 2177 955 2207 den
979 2175 1173 2215 folgenden,
1204 2173 1306 2205 freier
1323 2171 1483 2212 angeffig-

815 2227 871 2253 ten
902 2222 967 2252 und
992 2222 1080 2252 nicht
1104 2221 1197 2251 mehr
1220 2230 1260 2249 zu
1291 2220 1350 2249 der
1375 2218 1481 2255 Frage

816 2267 1028 2306 geh'orendeu
1063 2265 1241 2297 Gedanken
1279 2262 1479 2299 vermitteln,

816 2313 879 2342 wie
897 2312 937 2343 im
954 2311 1046 2351 Folg.
1060 2323 1066 2341 ε
1085 2312 1174 2342 sicut
1188 2309 1291 2341 Veios
1305 2317 1484 2349 eoepngna-

817 2359 874 2388 bit.
893 2357 1046 2398 —same
1063 2357 1132 2394 sit„
1158 2365 1218 2385 von
1238 2352 1483 2391 Hungersnoth,

818 2403 868 2433 die
896 2402 944 2432 bei
972 2403 1065 2433 einer
1088 2411 1124 2430 so
1148 2399 1262 2436 langen
1282 2396 1484 2429 Umsclilies-

818 2457 901 2487 sung
920 2448 948 2477 in
965 2447 1039 2487 Veji
1059 2446 1148 2476 hiitte
1167 2443 1372 2473 ausbreclien
1392 2441 1480 2471 iniis-

819 2503 894 2531 sen,
930 2494 973 2523 ist
1005 2492 1055 2522 bei
1090 2491 1148 2520 der
1174 2488 1391 2526 Seliilderung
1423 2486 1482 2516 der

819 2538 1026 2577 Belagerung
1045 2534 1200 2574 nirgcnds
1219 2534 1269 2563 die
1290 2532 1395 2570 Rede,
1416 2530 1484 2570 vgl.

820 2594 847 2614 c.
872 2583 920 2620 15),
945 2583 993 2612 ll.

868 2627 999 2658 11-12.
1030 2636 1074 2657 em
1094 2626 1241 2665 conlag.,
1267 2619 1482 2662 9‚1,ss‚vg1.

1515 1328 1554 1360 10

1515 1439 1552 1471 11

1513 1550 1553 1582 12
