1698 2864
159 1607 199 1638 10

1473 215 1498 233 a.
1519 215 1547 233 u.
1568 209 1630 234 336.

725 199 852 232 LIBER
869 199 924 233 IV.
963 199 1056 232 CAP.
1070 199 1124 232 46.

230 202 311 242 230

230 303 362 342 eadem
393 301 546 353 imperii
573 301 694 340 multo
722 301 923 352 inpensius
946 302 985 341 in
1007 301 1143 340 castris
1165 301 1343 340 accendi:
1371 301 1466 339 nihil
1489 301 1634 340 sentire

228 358 343 405 idem,
367 371 438 409 pro
463 359 648 397 sententia
669 370 858 409 pugnare,
881 371 950 397 sua
972 358 1130 397 consilia
1153 358 1255 404 velle,
1280 370 1348 397 sua
1369 357 1528 408 imperia
1551 357 1632 396 sola

234 419 315 454 rata
337 427 439 462 esse,
457 420 704 454 contemnere
724 415 764 452 in
785 415 905 453 vicem
928 419 966 453 et
987 414 1193 460 contemni,
1215 414 1339 453 donec
1360 414 1633 465 castigantibus

228 471 360 521 legatis
389 472 545 510 tandem
572 471 621 510 ita
644 476 912 522 comparatum
935 475 1013 519 est,
1046 476 1086 509 ut
1107 471 1260 509 alternis
1283 470 1416 509 diebus
1439 482 1633 509 summam

230 527 382 578 imperii
409 527 604 567 haberent.
655 539 751 578 quae
779 540 866 566 cum
898 527 1020 566 adlata
1050 528 1215 566 Romam
1245 533 1394 574 essent,
1424 527 1562 566 dicitur
1587 526 1632 573 Q.

231 581 428 631 Servilius,
452 589 573 623 aetate
596 589 633 623 et
653 596 727 623 usu
748 584 898 630 doctus,
919 589 1097 634 precatus
1120 584 1166 622 ab
1188 583 1260 622 diis
1282 583 1564 630 inmortalibus,
1585 595 1634 621 ne

230 640 422 679 discordia
442 641 689 680 tribunorum
713 640 940 678 damnosior
960 640 1015 679 rei
1037 639 1212 691 publicae
1233 644 1346 685 esset,
1364 651 1478 689 quam
1496 639 1542 677 ad
1561 639 1633 677 Ve—

228 696 287 735 ios
308 697 458 744 fuisset,
481 702 518 735 et
539 696 639 735 velut
659 697 761 734 haud
783 696 895 735 dubia
918 696 1023 735 clade
1044 696 1256 734 inminente
1277 695 1465 733 institisse
1481 694 1571 742 filio,
1592 699 1635 734 ut

228 753 370 791 milites
405 753 592 791 scriberet
626 757 663 790 et
689 764 796 790 arma
824 758 987 803 pararet.
1033 764 1104 790 nec
1132 751 1254 790 falsus
1280 756 1384 790 vates
1411 751 1493 790 fuit.
1543 763 1633 790 nam

229 809 347 847 ductu
367 809 409 847 L.
432 809 559 859 Sergi,
584 809 692 847 cuius
715 808 795 847 dies
817 809 969 859 imperii
991 813 1081 855 erat,
1103 808 1189 846 loco
1212 808 1344 858 iniquo
1368 807 1439 846 sub
1461 808 1632 847 hostium

228 865 383 912 castris,
412 877 519 912 cum,
549 866 634 916 quia
657 865 837 903 simulato
860 870 965 904 metu
986 869 1181 915 receperat
1203 877 1244 903 se
1265 864 1390 903 hostis
1412 865 1458 903 ad
1479 864 1631 912 vallum,

228 934 318 972 spes
341 933 435 959 vana
457 922 702 973 expugnandi
725 926 849 960 castra
871 934 916 960 eo
938 922 1136 968 traxisset,
1163 921 1368 971 repentino
1392 920 1536 971 impetu
1559 921 1648 959 Aen

228 990 395 1029 quorum
418 990 487 1029 per
508 978 688 1029 supinam
711 978 842 1016 vallem
863 978 939 1016 fusi
962 983 1061 1022 sunt,
1086 977 1271 1028 multique
1293 978 1331 1016 in
1354 978 1464 1016 ruina
1486 977 1633 1016 maiore

228 1047 343 1085 quam
364 1034 452 1084 fuga
475 1034 655 1085 oppressi
676 1034 984 1085 obtruncatique.
1021 1039 1220 1084 castraque
1238 1047 1282 1072 eo
1301 1034 1360 1072 die
1376 1046 1486 1084 aegre
1502 1038 1631 1072 reten-

227 1096 285 1137 ta,
314 1096 473 1141 postero
504 1091 564 1130 die
592 1091 837 1130 circumfusis
872 1091 949 1129 iam
977 1102 1116 1140 magna
1143 1103 1187 1128 ex
1215 1095 1323 1141 parte
1351 1090 1533 1128 hostibus
1562 1102 1632 1141 per

228 1159 401 1185 aversam
423 1152 576 1197 portam
599 1147 687 1197 fuga
708 1147 812 1198 turpi
835 1147 1082 1185 deseruntur.
1123 1147 1240 1185 duces
1261 1146 1449 1196 legatique
1471 1151 1507 1184 et
1528 1146 1633 1196 quod

228 1203 327 1242 circa
349 1204 457 1254 signa
479 1203 633 1241 roboris
657 1204 704 1241 de
727 1203 895 1241 exercitu
915 1203 987 1241 fuit
1008 1203 1222 1241 Tusculum
1244 1203 1409 1252 petiere3
1439 1201 1551 1252 palati
1573 1201 1634 1240 alii

227 1271 297 1310 per
323 1272 437 1310 agros
469 1260 616 1310 passim
642 1259 772 1298 multis
794 1259 996 1301 itineribus
1019 1259 1196 1305 maioris,
1226 1271 1339 1309 quam
1362 1263 1518 1309 accepta
1539 1263 1631 1304 erat,

228 1316 344 1354 cladis
381 1316 507 1355 nuntii
541 1316 706 1355 Romam
744 1315 1041 1354 contenderunt.
1084 1315 1214 1354 minus
1251 1314 1519 1365 trepidationis
1546 1314 1630 1361 fuit,

230 1372 335 1423 quod
357 1376 515 1411 eventus
536 1372 669 1411 timori
691 1373 896 1411 hominum
919 1384 1140 1422 congruens
1161 1372 1296 1417 fuerat,
1319 1376 1356 1409 et
1376 1371 1479 1421 quod
1501 1371 1634 1410 subsi-·

230 1429 309 1474 dia,
340 1441 437 1479 quae
457 1429 695 1479 respicerent
716 1429 754 1467 in
776 1441 816 1467 re
836 1428 1003 1479 trepida,
1033 1432 1260 1479 praeparata
1282 1433 1389 1466 erant
1410 1427 1455 1466 ab
1476 1427 1631 1466 tribuno

227 1485 405 1524 militum.
447 1486 635 1536 iussuque
666 1485 837 1523 eiusdem
868 1497 935 1536 per
963 1485 1136 1523 minores
1164 1483 1410 1535 magistratus
1440 1484 1571 1522 sedato
1595 1484 1633 1522 in

227 1541 321 1580 urbe
348 1542 516 1581 tumultu
537 1542 799 1592 speculatores
822 1554 987 1593 propere
1008 1541 1117 1579 missi
1138 1541 1360 1579 nuntiavere
1382 1540 1538 1578 Tusculi
1560 1540 1632 1578 du—

229 1611 291 1637 ces
327 1598 615 1649 exercitumque
651 1611 756 1645 esse,
791 1599 947 1637 hostem
983 1602 1106 1636 castra
1132 1598 1218 1636 loco
1246 1608 1324 1635 non
1353 1596 1533 1635 movisse.
1585 1601 1631 1643 et,

273 1721 293 1752 2
310 1740 332 1743 —
349 1721 381 1752 4.
411 1732 473 1764 pro
499 1724 584 1752 sent.
610 1732 640 1752 n.
664 1732 728 1753 ,ςιια
744 1724 895 1763 uterque.

227 1784 272 1790 —
288 1766 368 1798 velle
383 1777 413 1797 u.
432 1766 504 1798 sola
521 1769 599 1798 rata
616 1777 689 1797 esse
705 1767 824 1806 gehfirt
842 1776 897 1797 so—

229 1812 316 1842 wohl
335 1823 375 1842 zu
393 1812 531 1843 consilia
555 1812 605 1843 als
633 1822 672 1842 zu
690 1814 841 1854 imperia,
868 1821 893 1842 s.

232 1856 285 1897 10,
312 1856 368 1895 12,
395 1856 431 1894 93
458 1857 516 1893 26,
546 1857 601 1894 17,
622 1856 652 1887 S.
669 1860 762 1887 —z'n
783 1859 894 1896 ricem,

229 1901 373 1941 vg1.34‚
405 1901 464 1939 33,
495 1901 530 1932 3:
561 1902 613 1933 his
636 1901 736 1933 dictis
754 1903 894 1932 invicem

226 1946 428 1988 auditisque,
443 1946 496 1984 21,
512 1946 566 1986 43,
588 1946 639 1979 14.
652 1964 697 1969 -
711 1949 758 1978 lta
774 1957 894 1989 comp„

230 1991 260 2029 3,
279 1992 331 2031 ΤΟ,
350 1993 378 2022 1.
393 2009 437 2013 -
449 1992 601 2031 alternis,
616 1991 669 2029 22,
684 1991 738 2031 41,
754 1991 784 2023 3.
798 2009 841 2014 —-
856 1994 896 2023 ut

227 2038 326 2067 scrib.
352 2041 432 2076 etc„
464 2037 573 2067 dieses
604 2037 694 2067 hatte
724 2047 786 2067 nur
811 2037 894 2067 nach

228 2082 288 2112 der
304 2080 509 2120 Anordnung
526 2082 583 2112 des
597 2081 737 2112 Senates
756 2082 893 2120 gesche-

229 2127 289 2157 hen
307 2126 451 2157 kb'nnen.
470 2136 628 2157 —arma
643 2137 674 2167 p.
694 2125 778 2156 kann
797 2125 895 2156 iiber-

229 2172 330 2247 ἒοιίςέῐ
351 2171 405 2246 gie
423 2170 618 2210 Zuriistung
636 2171 847 2211 bezeichnen,
866 2180 890 2201 s.

253 2241 261 2257 7
323 2240 333 2256 9
376 2240 382 2246 ¹

274 2261 363 2291 5-6.
396 2262 491 2292 cuius
509 2265 591 2297 etc„
612 2270 637 2291 s.
658 2270 685 2291 c.
707 2260 758 2300 16,
779 2260 815 2298 ἴς
835 2270 895 2291 zur

229 2305 332 2336 Sache
351 2305 410 2345 22,
435 2306 496 2345 45,
520 2305 550 2336 5.
578 2323 617 2327 —-
643 2316 680 2336 eo
705 2307 815 2345 tram,
840 2304 894 2345 22,

232 2351 282 2392 15,
301 2351 331 2381 7.
345 2368 389 2373 -
405 2352 540 2394 supina,
559 2351 616 2381 das
635 2350 821 2381 riickw‘arts
839 2359 897 2389 ge-

228 2395 371 2437 bogene,
401 2396 469 2427 sich
494 2396 656 2427 lehnende
682 2394 781 2433 Thal,
814 2395 894 2426 wir:

229 2440 419 2472 riickw'arts
437 2441 495 2472 das
514 2440 573 2472 Th.
590 2440 704 2480 binah,
723 2439 759 2480 6,
778 2439 838 2479 24,
857 2439 895 2479 33

232 2486 268 2524 7,
286 2485 346 2526 24,
372 2487 401 2517 5.
421 2487 510 2517 —2'71
529 2487 628 2518 ruina
645 2490 726 2525 etc.,
752 2495 778 2516 s.
798 2495 825 2516 c.
841 2484 894 2523 32,

234 2530 286 2571 10,
303 2530 355 2562 bei
374 2531 468 2562 einer
485 2531 681 2571 Bewegung,
699 2531 752 2561 die
769 2530 861 2561 mehr
874 2548 896 2552 —

231 2585 319 2614 war3
340 2586 444 2616 „cum
460 2576 520 2607 alii
535 2586 638 2619 super
654 2575 739 2607 alios
757 2578 897 2607 ruerent

230 2623 340 2662 magis
368 2632 467 2663 quam
492 2621 711 2663 sug-erent‚“
737 2620 892 2659 Crevier,

969 1731 1038 1752 was
1057 1721 1279 1760 Bestimmnng
1308 1721 1366 1751 des
1386 1719 1533 1751 Verbum
1562 1719 1633 1750 sein

968 1766 1079 1807 sollte,
1097 1767 1153 1796 hat
1167 1766 1235 1796 sich
1249 1766 1299 1797 als
1308 1765 1459 1796 Attribut
1478 1765 1632 1804 (maiore)

968 1821 1006 1842 an
1043 1812 1101 1842 das
1133 1810 1328 1842 Substantiv
1360 1810 1631 1850 angeschlossen.

967 1875 1010 1879 —
1024 1867 1144 1895 avers„
1164 1855 1193 1895 3,
1212 1856 1242 1893 5,
1262 1857 1292 1886 5.
1305 1873 1350 1877 —
1363 1857 1452 1886 cz'rca
1465 1866 1506 1894 s.‚
1525 1855 1633 1884 walir—

968 1901 1146 1932 scheinlich
1164 1901 1215 1931 die
1233 1899 1397 1938 Triarier,
1422 1910 1448 1930 s.
1475 1899 1511 1938 S,
1537 1898 1573 1937 83
1599 1899 1631 1939 2,

966 1946 1020 1985 47,
1039 1946 1070 1976 5.
1086 1964 1130 1968 -q
1147 1944 1293 1980 Tuscz1l.,
1312 1945 1375 1975 wie
1394 1944 1424 1984 3,
1443 1943 1496 1974 42.

1013 2035 1031 2065 8
1048 2053 1071 2057 —-
1087 2034 1118 2065 9.
1151 2036 1328 2076 respicer.,
1363 2032 1632 2074 zuriickblicken,

966 2080 1058 2110 seine
1076 2078 1227 2110 Zussucht
1245 2080 1397 2116 nehmen,
1423 2089 1449 2109 s.
1468 2089 1495 2109 c.
1517 2078 1574 2118 17,
1594 2078 1631 2116 ὃς

967 2124 1027 2164 24,
1045 2124 1105 2164 45,
1130 2125 1160 2155 5.
1179 2143 1223 2146 —
1238 2126 1388 2156 minores
1405 2134 1513 2165 mog„
1539 2123 1578 2154 da
1598 2123 1629 2153 in

962 2169 1061 2210 jener
1077 2169 1152 2200 Zeit
1170 2170 1220 2200 die
1239 2170 1280 2200 im
1299 2179 1443 2209 engeren
1458 2169 1557 2200 Sinne
1576 2178 1631 2199 so—

968 2220 1153 2254 genannten
1180 2224 1266 2254 mag.
1296 2215 1457 2253 minores,
1486 2213 1549 2244 wie
1580 2213 1631 2244 die

968 2260 1133 2291 triumviri
1165 2260 1341 2301 capitales,
1376 2258 1539 2290 triumviri
1571 2268 1631 2288 no-

969 2305 1077 2336 cturni
1091 2315 1123 2336 u.
1138 2315 1179 2342 a.,
1199 2315 1226 2336 s.
1241 2303 1293 2342 32,
1313 2304 1373 2342 263
1392 2303 1445 2342 39,
1467 2303 1523 2342 143
1547 2302 1630 2343 1611,

969 2351 1050 2380 noch
1069 2350 1158 2381 nicht
1175 2350 1362 2381 verbanden
1382 2359 1508 2390 waren,
1534 2358 1569 2378 so
1588 2348 1632 2379 ist

969 2395 1141 2426 entweder
1169 2394 1241 2426 eine
1272 2394 1494 2436 Anticipation
1527 2403 1631 2423 anzu-

968 2441 1124 2479 nehmen,
1154 2440 1234 2471 oder
1262 2450 1302 2470 an
1328 2440 1380 2470 die
1399 2439 1536 2470 Aedilen
1566 2437 1631 2469 und

968 2484 1156 2526 Quiistoren
1186 2495 1227 2515 zu
1256 2484 1403 2524 denken,
1433 2484 1485 2515 die
1515 2493 1631 2523 wegen

967 2531 1026 2561 der
1043 2531 1239 2570 geringeren
1249 2529 1427 2570 AuspicIen
1445 2529 1527 2560 auch
1545 2538 1628 2568 mag.

967 2575 1111 2606 minores
1135 2575 1277 2606 heissen.
1311 2573 1385 2614 Vgl.
1411 2573 1471 2614 22,
1501 2573 1560 2613 55,
1591 2573 1629 2610 63

965 2619 1018 2660 25,
1039 2620 1066 2662 1,
1087 2620 1145 2659 113
1165 2619 1292 2652 Becker
1309 2619 1340 2660 2,
1358 2618 1390 2660 2,
1409 2618 1461 2650 85.
