1698 2864
80 252 106 270 a.
129 244 183 270 ch.
203 243 267 269 458.
542 231 669 266 LIBER
686 230 740 263 III.
784 231 877 264 CAP.
898 231 951 264 28.
970 232 1025 264 29.

77 337 207 376 festim
230 349 249 376 a
269 335 440 388 perfecto
464 347 582 386 opere
603 334 650 374 ad
671 346 775 373 arma
796 334 921 380 rediit,
944 334 1133 373 invaditur
1151 334 1300 374 vallum.
1343 334 1405 374 hic
1421 335 1481 374 in-

79 394 204 433 stabat
230 405 326 432 nova
354 404 500 444 pugna,
530 391 591 430 illa
617 391 709 430 nihil
729 391 931 430 remiserat
950 390 1070 441 prior.
1106 396 1189 429 tum
1211 391 1366 442 ancipiti
1382 392 1482 431 malo

78 454 238 501 urgente
255 462 275 488 a
295 449 441 501 proelio
465 448 511 488 ad
534 460 667 499 preces
688 448 789 487 versi
810 448 902 487 hinc
924 447 1149 486 dictatorem
1171 447 1261 486 hinc
1282 448 1481 487 consulem

81 519 208 553 orare,
238 518 287 545 ne
313 506 352 545 in
381 505 581 545 occidione
609 504 807 544 victoriam
837 508 1044 556 ponerent,
1072 508 1115 543 ut
1141 503 1309 542 inermes
1331 517 1373 543 se
1393 504 1483 544 inde

79 563 182 603 abire
202 562 384 602 sinerent.
422 562 468 601 ab
487 561 646 601 consule
667 561 712 600 ad
731 561 957 600 dictatorem
975 561 1029 600 ire
1046 559 1161 606 iussi,
1177 560 1210 599 is
1228 560 1482 610 ignominiam

77 619 253 659 infensus
282 619 447 658 addidit:
478 617 693 657 Gracchum
716 618 901 657 Cloelium
931 618 1066 657 ducem
1095 616 1367 668 principesque
1388 617 1482 656 alios

77 676 226 715 vinctos
249 676 294 715 ad
317 689 357 715 se
379 676 516 715 adduci
537 674 651 722 iubet,
667 675 812 726 oppido
836 674 1031 713 Corbione
1054 673 1198 713 decedi.
1221 673 1419 725 sanguinis
1442 686 1484 713 se

79 734 300 784 Aequorum
329 745 409 771 non
439 744 567 783 egere3
596 731 706 770 licere
735 732 858 779 abire,
886 732 967 778 sed,
995 736 1039 770 ut
1061 730 1299 782 exprimatur
1325 731 1483 769 tandem

81 789 274 829 confessio
305 789 502 828 subactam
531 788 797 839 domitamque
825 801 911 827 esse
941 795 1113 839 gentem,
1137 787 1209 826 sub
1239 788 1371 838 iugum
1400 787 1485 826 abi-

79 851 202 885 turos.
243 845 366 885 tribus
397 846 518 885 hastis
547 846 678 896 iugum
709 845 751 884 fit
777 845 885 884 humi
915 845 1000 883 fixis
1031 844 1180 883 duabus
1206 856 1400 895 superque
1422 856 1484 883 eas

80 908 299 942 transversa
321 915 395 942 una
417 903 588 953 deligata.
630 901 702 940 sub
724 902 800 941 hoc
820 902 908 952 iugo
931 901 1096 940 dictator
1117 902 1273 952 Aequos
1294 901 1412 940 misit.

1427 234 1479 272 57

1514 623 1554 655 10

1517 851 1555 884 11

192 958 336 998 Castris
365 959 537 998 hostium
565 958 732 1009 receptis
760 959 882 1009 plenis
914 958 1091 997 omnium
1119 969 1250 996 rerum
1279 980 1333 985 —
1353 958 1483 997 nudos
1511 958 1567 997 29

79 1015 181 1054 enim
205 1016 387 1054 emiserat
407 1039 461 1044 —
482 1015 664 1066 praedam
683 1026 839 1053 omnem
858 1027 928 1053 suo
946 1019 1096 1053 tantum
1114 1014 1222 1053 militi
1241 1013 1362 1061 dedit3
1385 1026 1485 1053 con-

79 1071 244 1111 sularem
271 1072 482 1111 exercitum
510 1071 716 1122 ipsumque
745 1071 946 1110 consulem
973 1071 1179 1121 increpans
1201 1069 1401 1118 „carebis“
1423 1071 1485 1109 in-

78 1128 160 1180 quit
181 1128 369 1180 „praedae
396 1135 517 1179 parte,
538 1127 661 1174 miles,
685 1140 730 1165 ex
751 1140 796 1166 eo
813 1128 937 1174 hoste,
959 1128 1019 1166 cui
1037 1139 1161 1179 prope
1176 1127 1342 1178 praedae
1357 1126 1486 1175 fuisti,

78 1190 117 1224 et
134 1190 195 1232 tu,
226 1184 268 1224 L.
292 1185 446 1232 Minuci,
469 1185 594 1224 donec
615 1184 860 1224 consularem
884 1185 1056 1223 animum
1078 1183 1238 1235 incipias
1254 1183 1408 1231 habere,
1428 1183 1486 1222 le-

79 1246 189 1292 gatus
210 1241 269 1280 his
295 1241 513 1292 legionibus
542 1240 753 1293 praeeris.“
794 1242 844 1280 ita
873 1254 915 1280 se
942 1240 1130 1280 Minucius
1160 1239 1311 1280 abdicat
1338 1252 1483 1280 consu-

78 1298 156 1337 latu
183 1298 388 1350 iussusque
417 1298 464 1337 ad
485 1298 695 1337 exercitum
716 1303 858 1337 manet.
901 1298 969 1336 sed
991 1297 1085 1336 adeo
1106 1302 1189 1336 tum
1211 1296 1375 1348 imperio
1398 1309 1486 1336 me-

78 1354 165 1393 liori
193 1355 346 1394 animus
375 1359 577 1394 mansuete
607 1354 818 1393 oboediens
841 1359 939 1400 erat,
971 1359 1014 1393 ut
1032 1353 1207 1393 beneficii
1228 1354 1350 1405 magis
1372 1366 1487 1405 quam

80 1410 314 1461 ignominiae
335 1411 398 1450 hic
418 1411 608 1451 exercitus
630 1423 783 1450 memor
804 1416 842 1450 et
862 1422 1047 1450 coronam
1071 1422 1224 1450 auream
1242 1410 1418 1450 dictatori
1439 1410 1486 1450 li-

76 1467 187 1507 bram
208 1467 341 1519 pondo
364 1468 585 1515 decreverit,
608 1472 645 1507 et
660 1468 970 1519 proficiscentem
993 1480 1080 1507 eum
1110 1472 1318 1518 patronum
1341 1467 1487 1507 saluta-

124 1579 222 1611 9—10.
250 1579 356 1620 cora,
373 1590 399 1611 c.
417 1579 470 1619 30,
488 1580 524 1619 23
541 1579 572 1621 2,
589 1579 642 1622 39,
659 1580 690 1612 4.
705 1598 750 1603 -

79 1626 141 1657 sub
160 1626 228 1668 [ug.
251 1626 314 1663 ab„
339 1625 370 1664 9,
394 1624 425 1665 6,
452 1625 508 1656 12:
533 1627 660 1667 sugam,
686 1627 748 1658 sub

19 1700 29 1707 ,.
80 1670 171 1712 quod
193 1672 311 1702 emissi
330 1673 425 1709 sunt3
456 1671 662 1710 gewo'hnlich
686 1673 748 1703 suh

80 1718 200 1757 iugum
223 1717 367 1757 mittere,
394 1715 421 1755 1,
446 1715 499 1756 26,
527 1715 585 1747 13:
606 1715 636 1756 2,
655 1716 708 1754 34,
727 1716 746 1748 9

80 1771 113 1792 u.
131 1771 170 1799 a.,
196 1762 277 1793 doch
295 1760 378 1792 fehlt
402 1761 433 1792 in
457 1762 549 1792 einer
571 1766 670 1802 guten
690 1761 746 1793 Hs.

79 1807 285 1849 subiugum,
303 1806 408 1846 vergl.
423 1806 455 1846 4,
475 1807 527 1847 10,
545 1806 575 1837 2.
607 1807 665 1838 Die
680 1806 746 1838 Er-

79 1851 222 1892 kliirung
239 1853 348 1884 tribus
371 1851 518 1893 deligata
540 1852 585 1883 ist
607 1853 747 1894 verspii-

81 1901 141 1938 tet,
159 1907 186 1929 s.
205 1907 232 1928 c.
252 1896 306 1936 23,
331 1897 368 1937 5,
393 1896 473 1928 aber
490 1907 606 1937 wegen
629 1899 690 1929 sub
713 1898 745 1929 lz.

78 1943 160 1984 iugo
183 1942 274 1974 nicht
291 1941 460 1981 Glossem3
486 1942 636 1974 'ahnliche
660 1943 747 1974 anti-

80 1988 253 2029 quarische
276 1987 523 2028 Bemerkungen
548 1998 574 2019 s.
601 1998 627 2019 c.
653 1988 684 2027 4,
712 1988 746 2023 1;

79 2032 134 2074 40,
152 2033 204 2074 40,
221 2033 241 2064 6
258 2044 289 2065 ιι.
307 2043 337 2065 a.
355 2052 397 2055 —
415 2035 477 2065 sub
494 2035 585 2075 iugo,
605 2033 682 2064 weil
699 2033 747 2065 sie

79 2083 178 2109 unter
194 2078 266 2110 dem
283 2078 384 2109 Joche
403 2079 526 2119 seiend,
552 2079 632 2110 oder
649 2083 748 2110 unter

81 2123 269 2155 demselben
293 2123 591 2156 hervorkommend
609 2125 748 2164 gedacht

81 2168 227 2200 werden.

125 2206 196 2246 29.
224 2213 298 2245 1-2.
323 2214 479 2257 receptis,
503 2214 569 2254 vgl.
588 2214 617 2256 2,
642 2214 695 2255 39,
714 2215 745 2246 4.

80 2276 124 2281 —
146 2258 266 2301 nudos,
291 2259 328 2299 9,
351 2258 409 2299 42,
427 2259 457 2290 7.
486 2276 531 2283 -·
558 2261 690 2292 emiser.
715 2271 745 2292 n.

80 2306 215 2341 castm's.
234 2322 276 2326 —
294 2304 332 2336 L.
357 2304 424 2344 hat,
448 2305 510 2335 wie
534 2304 585 2336 die
608 2305 745 2345 iibrigen

80 2349 272 2382 Historiker
286 2349 394 2389 (Dion.
409 2359 435 2380 c.
451 2349 509 2381 25:
525 2346 746 2382 ἀποθέσθαιΥ

79 2391 146 2435 τὴν
168 2391 284 2437 ἀρχὴν
314 2391 548 2437 ἀναγκάσεις),
577 2396 747 2427 entweder

79 2449 119 2471 an
137 2440 342 2480 Absetzung,
361 2440 451 2480 oder,
469 2450 585 2480 wegen
603 2441 660 2472 des
679 2440 748 2472 Zu-

81 2489 192 2517 satzes
215 2485 318 2517 donec
333 2504 356 2508 -
371 2486 508 2526 habere,
532 2495 572 2517 an
597 2485 746 2528 Suspen-

81 2530 152 2562 sion
185 2531 243 2563 des
275 2530 439 2562 Minucius
472 2531 627 2571 gedacht,
666 2531 747 2563 oder

81 2575 173 2607 diese
200 2576 232 2607 in
262 2576 375 2608 seinen
400 2575 539 2618 Quellen
569 2574 746 2617 gefunden.

81 2619 195 2652 lndess
224 2621 268 2653 ist
296 2631 332 2653 es
362 2619 584 2662 zweifelhaft,
619 2621 658 2653 ob
687 2622 747 2653 der

81 2665 233 2699 Dictator
252 2677 316 2711 pro
340 2668 414 2700 iure
436 2668 581 2701 maioris
605 2668 746 2711 imperii,

821 1591 847 1612 s.
874 1580 928 1621 30,
958 1580 1021 1621 24,
1046 1579 1075 1618 3,
1102 1580 1154 1611 die
1179 1580 1251 1611 eine
1282 1580 1362 1612 oder
1384 1581 1487 1612 andre

820 1626 901 1657 habe
919 1626 1087 1657 anordnen
1106 1625 1245 1665 k'dnnen,
1264 1635 1290 1657 s.
1315 1625 1346 1665 2,
1371 1625 1401 1666 2,
1428 1626 1487 1666 1ος

820 1671 998 1703 Mommsen
1021 1671 1048 1713 1,
1067 1670 1141 1702 251.
1172 1671 1263 1703 Auch
1281 1670 1411 1703 scheint
1423 1670 1489 1702 Mi-

820 1717 934 1748 nucius
959 1717 1030 1748 sein
1049 1716 1125 1748 Amt
1148 1716 1237 1748 nicht
1260 1716 1489 1757 niedergelegt

820 1773 861 1793 zu
895 1762 1015 1801 haben,
1051 1762 1091 1793 da
1130 1762 1181 1793 die
1216 1760 1486 1793 Consularfasten

820 1808 911 1839 seine
944 1807 1141 1838 Abdication
1174 1806 1263 1838 nicht
1296 1808 1487 1848 erw'ahnen,

819 1853 960 1884 sondern
979 1853 1031 1884 ihn
1050 1852 1154 1884 selbst
1170 1851 1331 1883 vielmehr
1343 1852 1393 1883 als
1408 1863 1487 1884 con-

820 1898 872 1929 sul
896 1897 1054 1929 suffectus
1073 1897 1288 1937 bezeichnen,
1307 1908 1334 1929 s.
1347 1896 1487 1940 Inscptt.

818 1942 903 1982 4433
933 1943 1010 1974 492.
1050 1942 1338 1974 Wahrscheinlich
1367 1943 1487 1983 gehb'rt

818 1989 900 2020 auch
924 1988 1035 2020 dieser
1052 1987 1124 2028 Zug
1147 1988 1206 2020 der
1223 1988 1308 2028 Sage
1332 1998 1385 2020 an.
1418 1987 1488 2019 Zur

819 2034 923 2065 Sache
953 2034 1019 2073 vgl.
1056 2033 1086 2073 8,
1116 2032 1170 2073 33,
1202 2032 1257 2064 14:
1287 2033 1487 2065 dictatorem

823 2079 1010 2119 Quinctium
1044 2078 1278 2110 Cincinnatum
1305 2080 1341 2110 in
1373 2078 1486 2111 Minu-

819 2126 906 2156 cium
928 2135 994 2157 uon
1018 2124 1109 2156 ultra
1131 2125 1299 2165 saevisse,
1323 2134 1422 2166 quam
1449 2127 1489 2156 ut

817 2169 970 2212 legatum
1001 2180 1078 2202 eum
1116 2169 1163 2201 ad
1198 2171 1386 2202 eoeercz'tum
1422 2180 1485 2214 pro

818 2215 954 2248 consule
982 2214 1196 2257 relinqueret.
1237 2214 1366 2246 Becker
1395 2215 1432 2255 2,
1455 2215 1484 2256 2,

819 2260 873 2292 53.
897 2279 941 2284 ——
962 2271 1036 2293 aur.
1059 2279 1081 2283 ——
1100 2260 1228 2304 pondo,
1246 2260 1315 2301 vgl.
1339 2261 1485 2301 dagegen

819 2307 850 2347 5,
869 2305 922 2347 25,
942 2306 978 2338 8:
998 2306 1028 2348 3,
1046 2306 1098 2347 57,
1117 2306 1153 2344 7,
1172 2306 1203 2347 4,
1221 2305 1275 2346 20,
1294 2306 1325 2337 4.

864 2351 895 2383 3.
921 2354 978 2392 ita,
997 2352 1077 2383 nach
1096 2351 1281 2391 Erlassung
1299 2351 1408 2383 dieses
1426 2351 1488 2382 Be-

819 2395 915 2437 fehls,
941 2407 968 2428 S.
992 2408 1020 2428 c.
1045 2397 1098 2436 51,
1122 2396 1159 2436 63
1194 2396 1243 2436 10,
1273 2396 1326 2437 37,
1357 2397 1376 2428 9
1400 2407 1431 2427 u.
1455 2406 1485 2428 a.

819 2444 963 2481 animus,
982 2441 1019 2473 Z.
1039 2441 1060 2484 ξ
1074 2441 1156 2480 678ς
1181 2442 1263 2473 iiber
1286 2441 1347 2473 den
1366 2441 1486 2482 Singu-

818 2487 869 2518 lar
887 2487 939 2529 28,
966 2487 1016 2528 19,
1042 2486 1094 2519 16.
1117 2505 1162 2510 —
1177 2489 1353 2518 mansuete
1370 2487 1433 2527 ob„
1456 2496 1483 2517 s.

818 2532 849 2572 4,
874 2532 927 2574 41,
953 2533 986 2564 1:
1010 2533 1205 2565 militariter
1220 2533 1356 2574 gravis-3
1384 2531 1413 2572 7,
1433 2531 1485 2571 10,

820 2577 857 2617 53
876 2577 1103 2618 Naegelsbach
1123 2577 1197 2609 Stil.
1221 2577 1257 2609 S.
1274 2575 1350 2607 235.
1367 2594 1409 2598 ——
1427 2575 1486 2608 de-

818 2624 963 2655 ereverit
977 2623 1059 2655 nach
1077 2625 1186 2663 erant,
1210 2633 1234 2654 s.
1261 2622 1291 2662 7,
1315 2621 1346 2662 4,
1370 2621 1407 2659 4;
1432 2620 1487 2662 39,

820 2667 873 2709 28,
897 2667 934 2708 63
959 2668 1026 2700 Cic.
1050 2668 1121 2700 Att.
1148 2667 1176 2707 l,
1203 2667 1254 2708 14,
1289 2666 1301 2698 1
1331 2677 1363 2698 u.
1386 2676 1416 2698 a.
1441 2683 1485 2690 -

1513 1021 1533 1053 2

1514 1249 1534 1282 3
