1698 2864
538 255 666 288 LIBER
691 254 745 288 ΙΙΙ.
796 255 959 288 CARsss.
989 256 1042 289 69.

81 275 108 294 a.
128 268 181 294 Ch.
203 268 265 294 446.

80 361 221 400 bicolas
242 359 350 405 istos,
371 357 435 410 qui
456 370 524 396 vos
545 370 617 397 nec
637 358 676 396 in
698 357 814 397 armis
837 369 906 396 nec
927 357 965 396 in
988 358 1067 397 otio
1090 372 1177 398 esse
1193 360 1337 408 sinunt,
1359 366 1481 400 vestra

79 430 150 456 vos
181 428 293 455 causa
322 415 479 453 incitare
500 419 537 452 et
557 414 756 453 stimulare
776 414 931 465 putatis.
973 415 1150 454 concitati
1168 422 1231 455 aut
1253 417 1393 456 honori
1416 423 1481 456 aut

82 472 254 524 quaestui
280 471 351 509 illis
381 471 489 517 estis,
517 477 554 509 et
581 471 668 521 quia
696 472 734 509 in
763 470 969 509 concordia
999 471 1180 510 ordinum
1202 473 1329 511 nullos
1353 487 1393 512 se
1416 486 1481 512 us-

80 541 193 580 quam
220 540 304 566 esse
326 527 472 572 vident,
495 526 614 565 malae
642 527 697 565 rei
719 540 760 566 se
781 539 897 578 quam
918 526 1072 575 nullius,
1094 528 1293 567 turbarum
1316 542 1359 568 ac
1380 530 1481 568 sedi-

80 586 228 624 tionum
257 584 373 623 duces
404 596 489 622 esse
518 584 663 622 volunt.
713 596 874 635 quarum
904 595 1033 622 rerum
1058 584 1090 622 si
1113 597 1180 623 vos
1204 585 1371 624 taedium
1393 591 1480 624 tan-

79 641 165 680 dem
188 653 321 692 capere
343 646 488 691 potest,
519 645 555 679 et
583 646 737 691 patrum
765 645 992 691 vestrosque
1015 641 1194 692 antiquos
1217 654 1346 680 mores
1370 642 1481 680 vultis

79 710 149 748 pro
172 697 231 736 his
254 697 365 735 novis
389 709 561 743 sumere,
588 697 691 735 nulla
719 696 906 748 supplicia
927 709 1077 743 recuso,
1099 697 1173 736 nisi
1196 699 1328 749 paucis
1346 698 1480 737 diebus

79 756 152 793 hos
186 753 435 805 populatores
473 765 654 804 agrorum
691 758 919 792 nostrorum
947 753 1057 792 fusos
1084 754 1316 806 fugatosque
1345 755 1481 794 castris

79 822 240 857 exuero,
269 815 306 848 et
332 823 351 849 a
380 811 503 861 portis
526 809 671 848 nostris
694 810 976 860 moenibusque
997 810 1042 849 ad
1064 810 1218 850 illorum
1242 811 1356 850 urbes
1379 812 1483 850 hunc

79 866 163 906 belli
180 872 383 912 terrorem,
406 878 481 917 quo
505 878 609 904 nunc
629 879 696 904 vos
715 866 864 905 attoniti
886 866 991 913 estis,
1014 868 1289 906 transtulero.“

191 924 292 962 Raro
329 923 418 961 alias
456 923 598 961 tribuni
636 923 832 973 popularis
862 923 983 961 oratio
1015 924 1209 974 acceptior
1237 923 1337 975 plebi
1365 936 1479 975 quam

77 985 168 1018 tunc
189 979 424 1018 severissimi
449 978 618 1017 consulis
640 979 723 1017 fuit.
765 979 941 1017 iuventus
964 991 1132 1030 quoque,
1154 993 1250 1030 quae
1272 980 1372 1018 inter
1387 981 1480 1018 tales

77 1040 201 1074 metus
224 1035 537 1074 detractationem
561 1034 715 1073 militiae
735 1035 851 1073 telum
881 1035 1112 1074 acerrimum
1141 1037 1324 1075 adversus
1352 1041 1481 1087 patres

77 1091 215 1130 habere
237 1091 347 1130 solita
369 1096 469 1136 erat,
493 1102 598 1129 arma
626 1099 663 1129 et
690 1090 831 1129 bellum
854 1091 1062 1142 spectabat.
1104 1099 1140 1130 et
1165 1093 1375 1142 agrestium
1391 1092 1481 1142 fuga

76 1147 306 1199 spoliatique
337 1148 374 1186 in
404 1147 507 1196 agris
530 1153 565 1186 et
591 1147 778 1185 vulnerati
799 1147 971 1186 foediora
994 1148 1054 1194 iis,
1077 1161 1173 1199 quae
1196 1148 1482 1188 subiciebantur

78 1204 221 1249 oculis,
253 1204 476 1242 nuntiantes
504 1209 625 1242 totam
654 1203 789 1242 urbem
817 1205 872 1243 ira
900 1204 1104 1255 inplevere.
1147 1205 1185 1243 in
1217 1210 1391 1244 senatum
1413 1205 1480 1244 ubi

76 1266 232 1299 ventum
255 1267 325 1305 est,
346 1260 396 1298 ibi
418 1272 507 1298 vero
530 1260 568 1298 in
591 1260 813 1306 Quinctium
838 1272 974 1299 omnes
996 1261 1108 1308 versi,
1133 1267 1173 1300 ut
1193 1261 1230 1300 in
1252 1274 1374 1300 unum
1397 1262 1480 1300 vin-

77 1317 198 1355 dice-m
226 1316 434 1355 maiestatis
457 1317 653 1355 Romanae
680 1316 837 1362 intueri,
861 1322 898 1355 et
930 1317 1121 1368 primores
1150 1324 1302 1368 patrum
1325 1318 1480 1369 dignam

75 1373 199 1411 dicere
220 1374 442 1411 contionem
460 1373 623 1424 imperio
642 1373 846 1419 consulari,
870 1373 1022 1424 dignam
1041 1378 1099 1412 tot
1116 1370 1377 1413 consulatibus
1395 1380 1481 1413 ante

74 1429 180 1475 actis,
203 1428 356 1479 dignam
378 1428 452 1467 vita
474 1429 594 1473 omni,
616 1429 726 1479 plena
742 1429 938 1468 honorum
961 1442 1076 1481 saepe
1092 1436 1302 1481 gestorum,
1325 1431 1479 1482 saepius

74 1486 315 1524 meritorum.
356 1485 451 1524 alios
475 1485 653 1524 consules
671 1490 734 1524 aut
750 1498 819 1537 per
836 1486 1093 1537 proditionem
1113 1487 1307 1539 dignitatis
1324 1493 1479 1539 patrum

75 1541 176 1592 plebi
206 1542 397 1587 adulatos,
426 1548 490 1580 aut
516 1542 650 1580 acerbe
676 1542 820 1581 tuendo
851 1542 932 1582 iura
961 1543 1106 1582 ordinis
1138 1544 1375 1595 asperiorem
1406 1544 1479 1582 do—

1405 252 1499 298 135'

76 1645 283 1674 constantem
308 1645 339 1673 et
358 1652 510 1674 severum
534 1644 567 1673 et
585 1653 738 1684 gravem,

77 1688 143 1727 vgl.
161 1698 189 1720 c.
207 1687 265 1726 69,
285 1687 314 1717 4.
333 1705 377 1710 -—-
392 1687 558 1730 plebicol.,
583 1699 610 1718 c.
630 1687 689 1727 33,
709 1688 740 1718 Τ.

74 1743 134 1764 nee
157 1734 188 1763 in
213 1743 279 1772 ayn,
305 1733 404 1763 durch
429 1733 497 1764 ihre
516 1731 738 1764 lntercession

75 1787 180 1817 gegeu
199 1777 250 1808 die
269 1778 487 1817 Ausbebung,
511 1788 538 1809 c.
564 1777 623 1816 69,
649 1778 678 1809 5.
696 1795 739 1800 ——

74 1823 200 1854 honore
216 1827 295 1861 οἱα,
319 1833 379 1853 nur
397 1825 444 1854 sie
463 1823 618 1861 erlangen
638 1823 740 1853 durch

75 1868 154 1899 euch
165 1867 410 1900 Ehrenstellen.
425 1886 467 1890 —
486 1870 643 1900 concitati
659 1868 739 1899 nach

74 1914 216 1944 incitare
233 1915 267 1944 et
282 1912 469 1951 stimulare,
488 1913 549 1943 wie
569 1918 664 1944 sonst
681 1913 739 1944 das

74 1957 229 1999 Particip.
244 1958 301 1989 des
315 1958 622 1999 gleichenVerbum,
643 1958 671 1995 1,
689 1957 739 1996 12,

75 2003 106 2034 9.
138 2002 264 2039 nullos,
285 2003 321 2043 6,
348 2003 404 2044 18,
429 2003 465 2043 8,
490 2001 739 2045 Ζυιῐιρῐξὸδὸ.

75 2065 119 2070 -
140 2059 176 2079 se
199 2058 274 2079 esse
296 2048 422 2089 volunt,
452 2049 512 2079 der
534 2058 602 2079 acc.
628 2059 655 2079 c.
681 2047 737 2079 inf.

76 2091 140 2122 soll
169 2093 257 2123 nicht
286 2093 411 2124 sowohl
443 2094 500 2124 das
532 2093 651 2134 object
680 2093 738 2124 des

77 2135 264 2168 Wunscbes
281 2138 331 2168 315
349 2138 406 2169 das
421 2138 738 2170 bewusstestreben

75 2182 286 2221 bezeichnen,
302 2182 356 2222 22,
370 2182 422 2223 50,
437 2183 471 2214 7:
489 2194 525 2214 se
542 2185 621 2215 bene
637 2185 738 2224 mori,

75 2237 173 2268 quam
205 2229 349 2270 turpiter
376 2229 506 2259 vincere
536 2228 664 2260 malm't.
692 2246 738 2252 —

74 2282 190 2314 quam,
219 2273 278 2304 mit
300 2273 362 2303 den
381 2272 543 2313 Begriffen
562 2274 619 2304 des
638 2272 736 2305 wol-

74 2317 161 2359 lens,
191 2317 438 2349 Beschliesseus
463 2318 541 2349 wird
565 2318 737 2349 bisweilen

74 2362 134 2394 der
150 2363 208 2394 des
217 2362 372 2402 Vorzugs
386 2363 587 2401 verbunden,
606 2374 642 2394 so
661 2364 737 2394 dass

70 2408 280 2450 potiusnieht
293 2413 468 2447 zugesetzt
482 2409 573 2449 wird,
588 2408 737 2450 s.25‚29‚

75 2453 112 2491 63
132 2452 198 2484 Cic.
217 2453 256 2484 de
274 2452 343 2485 Inv.
363 2452 399 2493 2,
418 2453 453 2493 2,
473 2455 507 2484 5:
531 2456 563 2485 si
576 2472 598 2476 -
616 2453 740 2495 eligere

73 2498 381 2530 commodissimum
394 2499 555 2541 quodque,
573 2509 672 2541 quam
687 2510 739 2530 se-

74 2553 110 2574 se
126 2544 187 2575 um'
207 2543 308 2575 alicui
324 2547 412 2576 certo
432 2544 550 2576 vellent
564 2544 737 2583 addicere3

74 2587 155 2619 Sall.
173 2588 204 2627 9,
219 2588 255 2625 ὃς
271 2588 370 2620 Corn.
389 2589 439 2627 14,
454 2589 484 2629 8,
507 2589 518 2620 1
537 2600 567 2620 u.
582 2600 621 2628 a.,
641 2589 741 2620 eheu-

74 2642 110 2663 so
128 2633 170 2664 im
180 2632 323 2674 Griech„
339 2645 365 2666 s.
379 2633 512 2674 Rriiger
526 2634 546 2676 ξ
562 2634 615 2673 69,
634 2633 687 2673 30,
710 2635 738 2666 1.

74 2695 117 2700 -
138 2677 250 2719 duces,
281 2679 346 2720 vgl.
377 2679 407 2720 7,
432 2680 490 2720 40,
518 2679 570 2710 15.
594 2680 736 2721 —sus.

801 1646 899 1687 fuga,
919 1643 948 1680 2,
966 1643 1020 1684 31,
1043 1644 1070 1676 1.

858 1683 927 1721 69.
965 1689 1051 1721 1-2.
1076 1700 1157 1721 raro
1175 1690 1230 1728 aL,
1260 1701 1286 1722 s,
1305 1701 1331 1722 c.
1358 1691 1411 1728 38,
1440 1691 1478 1729 (ἃς

813 1735 872 1775 -15,
891 1734 948 1771 20,
967 1734 985 1764 3
1004 1745 1024 1765 u
1054 1745 1101 1773 a.;
1122 1745 1182 1766 zur
1199 1735 1303 1766 Sacbe
1322 1736 1426 1774 e.20,
1449 1738 1477 1767 1.

811 1799 855 1803 —
872 1782 998 1820 metus,
1023 1779 1087 1820 vgl.
1109 1780 1144 1817 4,
1172 1780 1231 1819 21,
1253 1782 1288 1811 5:
1310 1784 1476 1819 terrore-53

812 1826 851 1862 4,
868 1824 926 1863 36,
945 1823 978 1856 6:
1001 1835 1087 1868 speS,
1107 1823 1154 1856 oft
1174 1825 1248 1857 odia
1265 1836 1296 1856 u.
1313 1836 1344 1857 a.
1364 1844 1408 1849 —
1427 1828 1477 1857 ἰυ-

812 1872 945 1910 ventus,
966 1870 1016 1900 die
1035 1870 1199 1909 iuniores,
1219 1870 1361 1910 welche,
1380 1881 1475 1903 wenn

813 1915 863 1946 die
872 1914 1039 1946 Tribunen
1055 1915 1104 1946 sie
1120 1915 1306 1956 schfflzteu,
1321 1917 1388 1947 sich
1404 1917 1476 1947 dem

812 1959 935 2000 Hriege
949 1960 1124 1991 entzieben
1141 1961 1297 1992 konnten.
1326 1961 1361 1992 L.
1376 1961 1478 1992 denkt

812 2015 852 2036 an
875 2006 927 2036 die
945 2004 1146 2036 Einwohner
1164 2006 1224 2037 der
1241 2006 1354 2045 stadt,
1377 2007 1478 2038 daher

812 2051 940 2082 urbem.
958 2068 1002 2073 —
1018 2049 1134 2089 telum,
1160 2061 1187 2082 c.
1206 2051 1263 2091 55,
1289 2050 1319 2082 3.
1337 2069 1380 2074 —
1397 2053 1478 2083 sub-

810 2097 1011 2136 iciebantur,
1035 2105 1103 2127 was
1121 2095 1245 2127 damals
1265 2097 1345 2127 noch
1365 2107 1405 2128 zu
1424 2107 1478 2128 se-

811 2141 872 2172 hen
892 2150 973 2172 war.

856 2185 943 2216 3-4.
961 2188 995 2217 in
1012 2188 1119 2217 senat.
1137 2197 1170 2217 u.
1188 2196 1215 2217 v.
1235 2186 1392 2218 scbliesst
1409 2187 1477 2218 sich

810 2231 892 2262 naci]
916 2231 987 2262 dem
1006 2230 1275 2262 Zwischensatze
1299 2232 1330 2262 in
1353 2231 1373 2273 ξ
1401 2232 1419 2263 2
1437 2241 1475 2262 au

811 2276 828 2318 ξ
851 2277 863 2307 1
885 2286 936 2307 an.
955 2294 999 2298 -—
1015 2279 1047 2308 in
1065 2287 1187 2314 unum,
1211 2277 1262 2307 als
1283 2277 1345 2307 den
1371 2277 1476 2308 einzi-

810 2331 884 2362 gen,
903 2331 929 2353 s.
949 2321 1008 2359 40,
1036 2320 1092 2361 13,
1117 2322 1151 2352 4:
1171 2324 1203 2353 in
1221 2322 1368 2353 hostiam
1384 2340 1407 2343 —
1422 2323 1474 2353 in-

811 2369 925 2404 tuens,
945 2376 971 2398 s.
983 2365 1047 2397 Cic.
1064 2367 1103 2397 de
1118 2377 1166 2398 or.
1189 2367 1216 2405 1,
1232 2366 1262 2406 2,
1280 2366 1310 2405 6,
1328 2367 1475 2406 dagegen

810 2412 849 2443 de
873 2412 946 2454 imp.
972 2411 1084 2453 Pomp.
1112 2412 1168 2450 14,
1193 2411 1251 2442 41:
1278 2422 1391 2443 omnes
1419 2411 1475 2443 Cn.

809 2457 1008 2499 Pompeium
1025 2458 1115 2488 sicut
1130 2457 1272 2498 aliquem
1289 2475 1311 2478 —
1327 2456 1367 2488 de
1385 2457 1474 2488 caelo

811 2501 986 2545 delapsum
1007 2503 1234 2534 intuebantur.
1254 2519 1299 2523 —
1313 2511 1374 2544 per
1395 2511 1476 2544 pro-

810 2546 887 2587 dit„
907 2547 971 2578 wie
989 2546 1146 2578 Horatius
1164 2546 1228 2577 und
1246 2545 1413 2578 Valerius.
1430 2565 1474 2569 —

807 2591 896 2634 plebi
910 2592 976 2631 acl„
996 2591 1050 2631 36,
1070 2592 1100 2629 7,
1125 2591 1156 2630 4,
1181 2591 1247 2630 vgl.
1263 2590 1314 2628 23,
1335 2590 1366 2629 4,
1385 2590 1416 2623 2.
1430 2609 1474 2614 —

809 2638 928 2669 acerbe
952 2640 1014 2675 tw,
1038 2637 1099 2667 wie
1119 2636 1242 2677 Appius
1261 2635 1417 2667 Claudius
1442 2636 1473 2676 2,

808 2681 860 2713 28.
880 2700 923 2706 --
941 2681 1063 2714 tuendo
1081 2700 1101 2703 —
1119 2679 1302 2721 domando,
1328 2682 1473 2723 asynde-

1515 425 1551 456 ll

1515 593 1552 625 12

1515 705 1553 737 13

1511 923 1564 963 69

1511 986 1530 1017 2

1510 1211 1529 1243 3
