1698 2864
682 222 809 256 LIBER
833 222 873 257 V.
917 222 1011 256 CAP.
1029 223 1084 256 44.
1431 239 1497 256 a.u.
1513 231 1575 258 364.

169 214 257 265 ‘348

176 339 290 378 quam
318 325 446 365 divino
477 325 617 377 spiritu
637 330 780 372 tactus,
811 337 898 364 cum
919 337 962 364 se
981 325 1020 364 in
1042 324 1210 364 mediam
1233 324 1453 364 contionem
1476 323 1580 363 intu-

96 384 151 423 44
179 383 301 429 lisset,
324 382 514 421 abstinere
536 386 670 421 suetus
692 387 779 421 ante
800 381 938 420 talibus
960 381 1146 428 conciliis,
1170 381 1421 428 „Ardeates“
1443 379 1580 431 inquit,

177 443 358 487 „veteres
381 438 506 485 amici,
528 438 618 477 novi
640 438 753 477 etiam
776 438 875 476 cives
897 438 986 484 mei,
1009 438 1162 489 quando
1185 442 1222 476 et
1242 441 1410 476 vestrum
1431 435 1581 475 benefi-

176 495 278 535 cium
300 495 349 534 ita
370 494 468 541 tulit,
491 499 527 533 et
541 494 700 534 fortuna
716 494 791 532 hoc
807 494 883 545 egit
899 507 994 541 mea,
1017 506 1134 533 nemo
1151 499 1320 533 vestrum
1340 492 1580 532 condicionis

175 564 284 590 meae
312 551 470 590 oblitum
499 563 561 590 me
588 551 663 590 huc
689 551 930 602 processisse
956 555 1083 602 putet3
1120 550 1187 590 sed
1214 562 1276 588 res
1305 562 1347 589 ac
1367 549 1581 600 periculum

177 620 385 647 commune
413 607 533 658 cogit,
561 607 664 658 quod
696 607 860 658 quisque
886 607 1023 658 possit,
1047 607 1086 646 in
1107 619 1149 646 re
1167 606 1317 657 trepida
1338 605 1521 656 praesidii
1541 605 1580 643 in

127 671 147 703 2
177 664 345 703 medium
375 663 562 702 conferre.
608 668 644 702 et
672 664 825 713 quando
848 675 917 714 ego
939 663 1049 702 vobis
1071 675 1143 715 pro
1165 662 1281 701 tantis
1303 661 1440 700 vestris
1459 660 1499 699 in
1519 673 1581 699 me

176 720 323 759 meritis
352 720 513 770 gratiam
541 719 724 767 referam,
753 719 786 757 si
813 730 918 758 nunc
946 717 1181 758 cessavero?
1213 722 1278 757 aut
1304 717 1369 757 ubi
1394 729 1491 756 usus
1512 717 1583 756 erit

176 776 252 815 mei
273 776 401 820 vobis,
422 775 454 814 si
476 775 515 813 in
536 774 636 814 bello
658 787 739 813 non
758 773 904 814 fuerit‘?
935 775 1007 814 hac
1026 780 1107 814 arte
1128 775 1167 813 in
1188 774 1311 825 patria
1332 773 1432 820 steti,
1460 777 1498 812 et
1517 773 1582 812 in-

127 839 146 871 3
176 833 297 871 victus
318 832 429 879 bello,
450 832 489 870 in
511 843 604 882 pace
624 831 670 870 ab
687 831 846 881 ingratis
864 831 1007 870 civibus
1024 831 1160 882 pulsus
1179 843 1277 869 sum.
1314 829 1423 869 vobis
1440 833 1580 875 autem,

176 889 378 933 Ardeates,
407 888 563 927 fortuna
592 887 715 926 oblata
743 893 801 926 est
830 893 868 926 et
887 900 958 939 pro
980 888 1097 926 tantis
1124 886 1321 938 [pristinis]
1347 885 1479 937 populi
1501 885 1581 924 Ro—

175 945 279 983 mani
300 944 505 990 beneficiis,
527 948 667 995 quanta
685 944 761 995 ipsi
778 944 1010 983 meministis
1030 968 1086 972 —
1106 956 1178 982 nec
1194 943 1297 982 enim
1315 942 1582 994 exprobranda

176 1001 277 1052 apud
300 1012 492 1039 memores
518 1005 610 1039 sunt
629 1023 685 1028 —
706 1000 847 1051 gratiae
869 1000 1091 1039 referendae
1114 1004 1151 1038 et
1170 1000 1260 1038 huic
1280 999 1366 1038 urbi
1389 999 1504 1038 decus
1521 998 1582 1036 in-

127 1065 147 1096 4
177 1069 272 1108 gens
293 1057 377 1095 helii
399 1069 443 1094 ex
464 1057 577 1095 hoste
600 1056 798 1095 communi
820 1057 1011 1107 pariendi,
1039 1056 1102 1107 qui
1124 1057 1246 1095 effuso
1268 1056 1419 1106 agmine
1440 1054 1583 1093 adven-

176 1118 241 1152 tat.
282 1124 374 1163 gens
397 1117 466 1159 est,
489 1112 549 1151 cui
570 1117 706 1151 natura
730 1125 895 1163 corpora
917 1112 1146 1163 animosque
1168 1124 1306 1163 magna
1327 1111 1449 1161 magis
1467 1123 1582 1161 quam

176 1169 286 1207 firma
314 1168 478 1207 dederit:
509 1181 554 1206 eo
582 1168 620 1206 in
650 1173 845 1207 certamen
875 1181 991 1207 omne
1015 1169 1104 1220 plus
1125 1169 1286 1207 terroris
1308 1180 1421 1218 quam
1444 1167 1582 1205 virium

129 1233 147 1264 5
175 1225 317 1264 ferunt.
359 1229 586 1274 argumento
610 1224 660 1263 sit
682 1225 806 1263 clades
828 1224 1023 1263 Romana:
1052 1229 1248 1275 patentem
1271 1235 1406 1274 cepere
1427 1222 1584 1270 urbem,

177 1294 223 1320 ex
251 1293 336 1320 arce
358 1280 622 1331 Capitolioque
650 1280 695 1318 iis
726 1281 860 1331 exigua
888 1281 1084 1319 resistitur
1104 1292 1241 1329 manu,
1269 1280 1344 1318 iam
1367 1278 1583 1317 obsidionis

178 1336 304 1376 taedio
334 1336 420 1375 victi
443 1336 655 1375 abscedunt
674 1337 834 1388 vagique
856 1349 924 1388 per
946 1349 1058 1387 agros
1081 1336 1279 1388 palantur,
1309 1335 1395 1374 cibo
1418 1335 1585 1386 vinoque

130 1402 148 1434 6
177 1393 316 1443 raptim
339 1393 481 1431 hausto
504 1392 651 1444 repleti,
674 1392 737 1431 ubi
761 1406 837 1432 nox
855 1393 1010 1444 adpetit,
1034 1405 1157 1444 prope
1174 1393 1278 1432 rivos
1298 1404 1482 1443 aquarum
1500 1391 1584 1430 sine

176 1449 437 1494 munimento,
471 1449 554 1488 sine
582 1449 815 1488 stationibus
844 1462 887 1488 ac
915 1449 1101 1488 custodiis
1137 1449 1282 1500 passim
1311 1449 1480 1487 ferarum
1508 1447 1583 1486 ritu

178 1510 422 1550 sternuntur,
451 1517 555 1544 nunc
585 1506 631 1544 ab
660 1506 840 1545 secundis
869 1505 985 1544 rebus
1007 1505 1129 1556 magis
1151 1506 1265 1544 etiam
1289 1504 1402 1544 solito
1425 1503 1582 1543 incauti.

177 1606 208 1637 2.
227 1624 271 1629 —
287 1608 370 1649 spir.
395 1608 432 1646 t.,
447 1616 475 1637 c.
490 1605 544 1646 21,
560 1605 590 1637 3.
610 1624 654 1628 —
681 1606 840 1646 conciliis,

176 1661 240 1682 von
265 1651 336 1682 dem
365 1661 490 1691 ganzen
515 1650 623 1682 Volke
649 1651 840 1690 gebraucht,

179 1696 250 1727 sind
274 1696 494 1735 gewb'hnlich,
520 1706 544 1726 s.
565 1696 597 1736 3,
616 1696 674 1736 71,
692 1695 729 1735 3,
753 1695 841 1726 Ver-

180 1741 421 1779 sammlungen,
456 1741 486 1771 in
523 1741 627 1771 denen
661 1741 718 1771 das
753 1739 840 1772 Volk

179 1786 267 1816 nicht
286 1786 366 1816 nach
385 1786 499 1817 seinen
519 1785 762 1825 Abtheilungen
781 1796 839 1826 ge-

178 1831 296 1861 ordnet
323 1831 386 1861 und
418 1831 506 1861 nicht
528 1840 579 1861 um
602 1830 839 1862 abzustimmen

177 1876 244 1906 sich
259 1875 482 1916 versamnielt,
502 1876 589 1906 nieht
603 1877 747 1916 comitia,
767 1886 844 1906 son-

179 1921 258 1951 dern
282 1923 470 1958 contiones,
503 1930 528 1951 s.
555 1930 581 1951 c.
606 1920 665 1962 45,
687 1921 720 1961 1,
746 1931 786 1951 zu
813 1920 841 1961 1,

178 1964 231 2003 26,
251 1965 288 2003 53
314 1964 366 2005 36,
385 1965 422 2003 63
455 1964 484 2004 2,
505 1965 534 2004 7,
554 1965 584 1996 7.

223 2003 291 2040 44.
328 2009 356 2040 1.
389 2009 522 2051 quando
544 2014 619 2047 etc„
637 2010 688 2041 die
708 2009 842 2042 Griinde

179 2054 289 2084 seines
303 2054 541 2084 amnasslichen
552 2052 764 2093 Auftretens3
785 2055 843 2086 sie

178 2098 281 2129 haben
312 2099 363 2128 ibn
388 2099 437 2129 ais
463 2099 629 2140 municeps
653 2099 844 2139 aufgenom-

179 2153 250 2174 men
273 2143 521 2184 (benefieimn):
548 2153 590 2173 er
614 2144 669 2174 hat
691 2144 759 2174 sich
784 2154 843 2183 ge-

178 2188 307 2227 no'thigt
335 2188 497 2227 gesehen,
526 2188 583 2218 das
608 2188 789 2229 Asylrecht
812 2189 842 2218 in

178 2233 351 2274 Anspruch
367 2243 405 2262 zu
421 2232 556 2262 nehmen
570 2233 730 2273 (fortuna
744 2233 843 2272 mea).

178 2277 268 2308 Eben
286 2276 405 2308 darauf
415 2277 545 2308 bezieht
558 2278 626 2308 sich
641 2277 843 2309 conda-ionis

178 2333 287 2359 meae,
318 2323 395 2353 weil
426 2332 462 2352 er
491 2322 521 2352 in
551 2322 662 2353 dieser
690 2322 842 2362 Stellung

179 2367 253 2397 kein
274 2366 376 2398 Recht
399 2368 506 2406 hatte,
530 2367 561 2397 in
582 2367 641 2398 der
658 2366 842 2398 Volksver-

179 2412 360 2451 sssmlnlung
382 2411 606 2443 aufzutreten.
624 2430 666 2434 —-
684 2412 744 2443 lzoc
763 2414 843 2454 egit,

180 2457 237 2487 das
271 2457 504 2496 beabsichtigt‚
539 2467 575 2487 so
608 2457 745 2496 gewollt
778 2459 843 2496 hat,

179 2501 307 2532 'atmiich
342 2502 403 2533 hnc
435 2512 517 2543 age,
560 2501 675 2533 Cicero
706 2507 780 2542 sagt
811 2502 846 2534 ld

180 2557 299 2586 agere5
327 2546 460 2585 Madvig
488 2557 591 2578 verm.
619 2549 745 2588 coegit,
775 2557 844 2578 was

179 2591 259 2622 aber
282 2592 426 2631 sogleich
450 2590 534 2631 foigt
556 2592 620 2622 und
644 2593 724 2623 auch
748 2602 786 2623 an
812 2603 844 2622 u.

180 2636 229 2667 St.
249 2637 328 2667 eher
349 2637 390 2667 im
409 2636 553 2668 Priisens
576 2641 737 2668 erwartet
756 2637 844 2668 wiir-

917 1607 969 1638 de.
985 1624 1030 1629 -
1052 1617 1149 1638 nemo
1165 1608 1314 1649 —putet‚
1339 1609 1422 1636 statt
1445 1604 1503 1635 des
1526 1614 1584 1645 ge-

918 1651 1125 1683 wo'hnlichen
1137 1648 1584 1691 nequz's,s.9‚11,4313;32‚

916 1694 1583 1736 21,21:m·}11'l;Cic.Tusc.5‚36,105u.a.

961 1741 1049 1773 2-4.
1076 1752 1161 1773 usus
1178 1752 1281 1782 m.e.,
1302 1739 1584 1780 1,56,3.—}1a0

915 1789 1003 1827 arte,
1034 1797 1093 1818 aus
1122 1789 1154 1817 ίη
1180 1786 1260 1818 bello
1285 1796 1326 1816 zu
1350 1784 1516 1816 erkli‘iren.
1539 1802 1584 1807 —-

913 1831 1033 1874 pulsus
1049 1843 1088 1871 3.,
1106 1831 1174 1871 vgl.
1190 1842 1218 1862 e.
1233 1830 1286 1867 32,
1302 1830 1333 1861 9.
1347 1848 1392 1852 —-
1406 1830 1584 1871 beneficiis,

913 1877 945 1915 4,
965 1877 1001 1913 7;
1022 1876 1082 1907 9ff.
1096 1894 1140 1899 —
1154 1874 1406 1919 eat-probranda,
1423 1875 1480 1905 mit
1499 1873 1585 1905 Vor-

914 1919 1043 1952 wiirfen
1073 1921 1267 1960 erw'ahnen,
1297 1919 1487 1958 vorhalten,
1515 1919 1582 1959 vgi.

916 1965 982 1997 Cic.
1008 1965 1099 1996 Lael.
1125 1965 1184 2005 20,
1211 1965 1264 1995 71.
1288 1981 1333 1986 —
1350 1965 1444 2004 qui—
1460 1963 1583 1994 adcen-

917 2013 983 2050 tat,
1015 2008 1110 2040 dafiir
1133 2010 1188 2040 hat
1211 2009 1262 2040 die
1288 2008 1481 2040 Veroneser
1505 2008 1582 2039 Hds.

916 2065 1000 2096 quae
1016 2054 1108 2092 adv„
1126 2054 1207 2084 aber
1225 2055 1338 2094 effuso
1356 2064 1446 2094 αξξ-7η.
1469 2053 1582 2084 wiirde

917 2109 957 2130 zu
979 2110 1065 2138 gens
1089 2099 1177 2130 nicht
1199 2109 1334 2140 passen;
1361 2099 1412 2129 die
1430 2096 1583 2137 folgende

917 2143 1136 2183 Schiidernng
1159 2144 1204 2174 ist
1227 2144 1381 2185 sp'ziteren
1402 2141 1584 2174 Erfabrun-

916 2198 977 2227 gen
994 2189 1154 2227 entlehnt,
1170 2188 1235 2229 s.7‚
1249 2188 1307 2227 123
1326 2187 1579 2228 10‚28;21,28;

917 2233 969 2272 27,
991 2232 1049 2272 28;
1071 2232 1122 2273 34,
1138 2234 1178 2264 47
1193 2244 1224 2265 ιι.
1241 2243 1271 2265 a.
1287 2251 1325 2255 —
1341 2243 1478 2274 magna,
1495 2233 1584 2264 nicht

915 2288 1076 2319 magnos,
1099 2278 1173 2309 weil
1193 2279 1253 2309 der
1274 2277 1431 2310 Gedanke
1449 2278 1512 2309 ist:
1538 2278 1581 2317 in,

915 2323 974 2354 mit
992 2323 1062 2354 dem
1077 2321 1208 2364 Horper
1224 2324 1304 2354 auch
1324 2323 1417 2353 einen
1433 2322 1581 2362 gleichen

917 2367 1021 2409 Geist,
1036 2378 1061 2399 s.
1079 2368 1109 2406 9,
1124 2367 1299 2408 38,1;24‚
1315 2367 1345 2406 2,
1361 2366 1582 2408 331,32,13;

916 2423 978 2454 ego
1000 2414 1145 2455 —sacz‘o.
1168 2430 1211 2435 ——
1225 2413 1355 2454 ferunt
1376 2427 1397 2438 =
1415 2413 1580 2453 offerunt.

962 2458 1049 2489 5—7.
1068 2459 1138 2489 cibo
1162 2468 1191 2489 v.
1216 2457 1315 2500 regal„
1342 2458 1371 2488 in
1393 2456 1502 2496 Bezug
1526 2454 1586 2487 auf

917 2513 944 2534 c.
968 2502 1026 2543 43,
1051 2502 1082 2533 4.
1102 2521 1145 2524 —
1162 2505 1299 2534 station.
1317 2512 1348 2532 a.
1367 2504 1452 2533 eust.
1466 2525 1474 2540 ,
1505 2511 1531 2532 S.
1550 2500 1582 2541 3,

917 2548 948 2586 5,
967 2548 997 2578 4.
1015 2565 1058 2571 —
1075 2548 1115 2579 ab
1133 2558 1170 2579 re
1186 2552 1263 2586 etc.,
1283 2558 1309 2578 c.
1329 2545 1388 2585 28,
1414 2546 1451 2585 73
1471 2545 1507 2585 3,
1527 2545 1581 2584 61,

920 2592 970 2623 13.
985 2610 1028 2615 —
1042 2594 1152 2633 magis
1170 2592 1242 2631 sol„
1258 2591 1350 2631 6,28,
1361 2590 1391 2623 6.
1424 2590 1491 2621 Der
1504 2590 1582 2621 Fol-

917 2642 1049 2676 gesatz:
1073 2638 1207 2669 werden
1232 2638 1281 2668 sie
1298 2637 1380 2668 noch
1398 2635 1580 2667 nachl'zissi-
