1698 2864
157 130 239 170 222

669 129 793 162 LIBER
810 128 847 162 11.
896 129 990 162 CAP.
1008 131 1039 162 2.

1418 147 1442 166 a.
1463 147 1490 167 u.
1512 141 1542 164 24
1548 143 1572 167 5.

156 233 301 271 sensim
320 231 596 282 temptantium
614 231 766 271 animos
783 245 915 272 sermo
933 244 1002 284 per
1018 237 1141 272 totam
1159 232 1351 274 civitatem
1370 237 1429 271 est
1446 231 1572 278 datus,

112 295 131 325 5
154 288 438 339 sollicitamque
460 288 682 339 suspicione
703 288 859 339 plebem
881 289 1025 328 Brutus
1048 289 1093 327 ad
1117 289 1342 328 contionem
1366 294 1488 328 vocat.
1519 288 1573 327 ibi

155 344 333 383 omnium
356 345 526 395 primum
548 345 609 383 ius
632 344 841 384 iurandum
863 346 997 397 populi
1018 346 1155 385 recitat
1184 346 1386 384 neminem
1408 356 1571 396 regnare

152 412 337 452 passuros
360 413 434 440 nec
462 414 547 440 esse
570 402 735 447 Romae,
772 402 876 440 unde
907 401 1123 453 periculum
1159 402 1328 441 libertati
1364 402 1477 440 foret.
1534 401 1572 439 id

153 469 308 496 sumina
331 470 404 508 ope
425 458 616 497 tuendum
640 470 737 503 esse,
760 469 890 509 neque
910 458 1027 496 ullam
1049 470 1147 503 rem,
1175 471 1273 509 quae
1295 471 1340 496 eo
1364 457 1570 509 pertineat,

154 514 494 553 contemnendam.
541 514 707 553 invitum
731 526 771 552 se
793 514 924 553 dicere
944 514 1112 552 hominis
1130 526 1256 556 causa,
1278 526 1352 553 nec
1373 515 1572 553 dicturum

113 571 133 603 6
157 569 296 616 fuisse,
319 569 358 608 ni
376 570 516 609 caritas
532 571 590 609 rei
607 569 786 621 publicae
804 571 996 609 vinceret:
1020 583 1100 609 non
1112 570 1270 609 credere
1287 571 1476 621 populum
1493 570 1574 608 Ro-

156 638 318 665 manum
335 626 497 665 solidam
520 627 741 665 libertatem
762 627 1020 678 reciperatam
1039 639 1145 673 esse3
1175 626 1324 677 regium
1347 638 1484 676 genus,
1506 638 1571 664 re-

156 683 260 733 gium
284 695 432 721 nomen
454 695 534 721 non
555 683 684 721 solum
706 682 747 721 in
769 684 940 729 civitate,
977 683 1045 721 sed
1069 683 1186 721 etiam
1208 683 1248 721 in
1271 682 1437 734 imperio
1470 694 1573 729 esse3

113 739 130 770 7
156 739 194 778 id
217 739 386 783 officere,
409 739 445 777 id
469 738 623 777 obstare
645 738 825 778 libertati.
859 740 989 785 „hunc
1010 743 1079 778 tu“
1103 739 1232 791 inquit
1249 744 1341 785 „tua
1359 739 1572 784 voluntate,

155 795 408 845 L.Tarquini,
431 807 590 834 remove
602 801 766 834 metum.
797 796 1066 842 meminimus,
1083 796 1265 841 fatemur,
1284 795 1429 834 eiecisti
1442 807 1572 845 reges:

152 851 309 890 absolve
322 851 556 890 beneficium
571 857 695 897 tuum,
717 854 824 891 aufer
844 853 936 891 hinc
955 852 1107 903 regium
1131 864 1291 891 nomen.
1313 864 1376 890 res
1397 857 1488 891 tuas
1503 851 1574 890 tibi

154 919 237 946 non
258 908 386 947 solum
408 908 575 947 reddent
592 909 696 947 cives
712 909 770 948 tui
786 915 946 948 auctore
970 922 1046 955 me,
1070 909 1152 956 sed,
1175 909 1205 948 si
1223 908 1315 961 quid
1338 908 1459 954 deest,
1483 920 1572 946 mu-

151 964 264 1003 nifice
301 964 513 1015 augebunt.

569 965 717 1004 amicus
749 966 830 1010 abi,
863 978 1032 1005 exonera
1068 965 1263 1004 civitatem
1286 977 1384 1004 vano
1407 964 1573 1003 forsitan

152 1026 281 1060 metu:
318 1020 370 1059 ita
392 1033 623 1071 persuasum
646 1027 705 1060 est
726 1022 878 1070 animis,
916 1035 1005 1061 cum
1027 1027 1145 1072 gente
1167 1021 1378 1073 Tarquinia
1404 1032 1572 1071 regnum

109 1078 128 1110 8
152 1077 245 1116 hinc
265 1077 504 1116 ahitu1·um.“

564 1078 715 1117 consuli
738 1079 863 1129 primo
885 1084 964 1117 tam
988 1091 1110 1117 novae
1129 1078 1186 1117 rei
1208 1091 1251 1116 ac
1272 1078 1422 1116 subitae
1443 1077 1572 1116 admi-

151 1133 252 1172 ratio
273 1133 486 1172 incluserat
508 1147 662 1180 vocem:
686 1135 815 1174 dicere
837 1135 978 1173 deinde
996 1134 1249 1186 incipientem
1269 1134 1460 1185 primores
1479 1133 1573 1172 civi-

152 1190 242 1228 tatis
264 1190 572 1234 circumsistunt,
591 1191 726 1230 eadem
750 1192 884 1230 multis
906 1191 1087 1242 precibus
1110 1196 1235 1230 orant.

1288 1196 1325 1229 et
1347 1189 1467 1229 ceteri
1484 1189 1573 1241 qui-

113 1246 132 1278 9
158 1246 248 1284 dem
271 1246 481 1285 movebant
499 1247 649 1293 minus3
672 1253 882 1299 postquam
906 1249 971 1298 Sp.
994 1247 1211 1293 Lucretius,
1235 1247 1360 1285 maior
1381 1251 1507 1285 aetate
1529 1257 1574 1285 ac

156 1302 360 1354 dignitate,
384 1315 497 1342 socer
517 1309 717 1354 praeterea
734 1304 868 1355 ipsius,
891 1317 1004 1356 agere
1015 1304 1117 1343 varie
1127 1304 1299 1354 rogando
1309 1303 1470 1342 alternis
1481 1314 1572 1342 sua-

148 1381 198 1413 als
222 1391 258 1413 so
283 1393 315 1413 u.
335 1392 362 1413 s.
382 1392 422 1413 w.
455 1401 497 1404 —
530 1385 657 1425 tempt.,
686 1385 714 1423 1,
741 1384 771 1423 S,
790 1384 819 1415 5.

148 1445 190 1449 —
207 1429 344 1465 sensim,
358 1426 531 1468 merklich,
542 1427 664 1468 jedoch
675 1428 759 1460 ohne
773 1433 824 1460 et-

148 1482 218 1503 was
235 1471 470 1504 Auffallendes
495 1484 536 1503 zu
553 1474 645 1513 thun,
675 1483 702 1505 s.
720 1484 747 1505 c.
768 1474 823 1513 45,

152 1517 209 1557 113
227 1518 281 1557 24,
300 1518 353 1557 39,
371 1518 405 1557 33
424 1518 482 1549 der
500 1517 689 1558 Gegensatz
707 1518 752 1551 ist
769 1519 823 1550 die

150 1561 340 1594 b'ffentliche
365 1561 532 1604 Berufung
558 1564 619 1595 der
635 1566 755 1595 contio.
780 1583 821 1587 —

146 1609 198 1638 est
215 1606 295 1647 dai„
315 1608 522 1640 verbreitete
540 1608 610 1641 sich
628 1619 690 1640 von
707 1609 822 1641 Einem

146 1662 221 1683 zum
232 1652 394 1684 Anderen.
413 1672 456 1676 —
474 1656 600 1693 recitat,
620 1664 658 1685 er
675 1654 756 1686 liest
769 1654 822 1686 die

148 1698 276 1729 bereits
306 1697 546 1730 beschworene
575 1699 723 1740 Forinel,
757 1700 821 1731 wie

147 1741 220 1773 z'd-
232 1742 342 1774 tuend.
362 1754 435 1774 esse
452 1743 553 1785 zeigt‚
577 1755 655 1782 vor3
675 1747 821 1777 recitare

146 1787 194 1819 ist
222 1788 293 1819 also
327 1799 391 1820 von
422 1788 559 1830 adigere
582 1801 608 1821 o.
645 1790 671 1831 1,
701 1791 720 1821 9
746 1800 821 1821 ver-

149 1833 318 1873 schieden,
344 1834 427 1866 doch
450 1835 497 1866 ist
519 1846 579 1867 nec
603 1846 675 1867 esse
699 1841 760 1867 etc.
788 1835 819 1866 in

147 1877 221 1909 dem
239 1878 316 1910 dort
333 1889 396 1911 eru
407 1879 529 1911 'ahnten
548 1882 707 1912 Schwnre
732 1881 822 1913 nicht

147 1922 316 1955 bestimmt
333 1925 516 1958 euthalten.
535 1945 577 1948 —
598 1936 771 1968 passuros,
792 1937 820 1957 c.

152 1969 203 2008 14,
222 1969 252 2000 8.
271 1988 312 1991 —
336 1969 424 2001 unde
446 1985 460 1996 =
483 1981 504 2001 (ι
526 1981 599 2012 qao,
624 1971 740 2011 irgend
766 1972 822 2002 Je-

147 2014 256 2052 maud,
275 2025 338 2045 von
358 2015 442 2056 dem,
464 2016 491 2055 1,
510 2017 564 2057 4¹³,
582 2017 612 2048 5.
631 2035 672 2039 -
690 2018 727 2048 m*
743 2022 819 2056 etc„

147 2058 216 2098 vgl.
236 2058 318 2090 Sall.
338 2059 359 2091 l.
385 2060 437 2099 31,
465 2061 492 2092 1.
519 2079 562 2084 —-
587 2063 821 2104 reciperatam,

147 2103 276 2135 wieder
292 2114 487 2147 gewonnen,
504 2106 686 2146 gleichsam
701 2108 751 2139 als
767 2118 822 2138 ur-

146 2149 381 2189 spriingliclies
392 2151 602 2191 Eigeuthuin.
613 2171 654 2174 ——
669 2152 820 2194 officere,

146 2192 202 2234 s.§
222 2193 257 2232 23
277 2193 381 2236 praef.
401 2196 438 2235 33
457 2198 541 2229 auch
558 2198 641 2228 dazu
659 2197 705 2229 ist
722 2197 821 2229 liber-

146 2239 209 2270 tate·
225 2249 265 2269 zu
285 2241 434 2272 nelimen.

194 2285 276 2315 7-9.
303 2286 390 2316 hunc
407 2288 444 2316 ta
464 2292 538 2328 etc.,
553 2298 578 2318 s.
598 2289 626 2327 1,
650 2288 698 2326 13,
718 2288 752 2319 3:
771 2289 819 2328 si,-

147 2329 268 2360 anders
286 2330 373 2361 Plut.
395 2330 486 2371 Popl.
507 2343 534 2363 c.
554 2333 584 2372 3,
603 2333 633 2364 3.
654 2352 696 2355 —
713 2343 820 2374 reges,

147 2384 173 2405 s.
197 2376 226 2415 1,
252 2374 305 2413 39,
330 2376 360 2408 2.
384 2393 427 2397 —
455 2376 602 2417 reddent,
625 2377 817 2409 ausliefern.

148 2437 190 2441 ——
213 2429 276 2450 ηοη
295 2419 352 2451 sol.
368 2441 394 2444 -
414 2421 480 2459 sed,
510 2424 537 2462 1,
566 2423 616 2460 10,
646 2425 672 2464 1,
698 2423 821 2455 voi-her

149 2463 222 2505 §tiz
247 2475 312 2496 non
335 2466 396 2497 sol.
420 2485 439 2488 —
461 2466 519 2498 sed
546 2470 661 2507 etiam,
686 2478 735 2497 wo
761 2468 820 2500 das

150 2509 281 2542 Zweite
322 2512 380 2543 das
423 2511 522 2544 Erste
563 2513 742 2544 vermem-t.
779 2532 820 2536 -

146 2553 245 2594 deest,
260 2566 357 2587 wenn
371 2567 406 2588 es
426 2558 513 2589 nicht
532 2558 714 2595 ausi-eiclm
734 2558 820 2589 tiel-

896 1385 1002 1416 leicht
1031 1384 1065 1415 in
1095 1384 1283 1425 Beziehung
1300 1383 1367 1418 ,auf
1387 1385 1480 1416 seine
1503 1386 1571 1416 Ab-

897 1434 1082 1469 stammung
1099 1440 1163 1461 von
1174 1429 1328 1469 Egel-ius.
1336 1448 1377 1452 —-
1387 1431 1484 1469 cives,
1493 1430 1572 1462 Mit-

897 1474 1031 1514 biirger,
1050 1475 1112 1506 wie
1130 1473 1189 1506 oft.
1203 1493 1245 1497 --
1261 1475 1426 1516 forsitan,
1441 1476 1571 1507 blosses

898 1519 1113 1560 Adverbium,
1137 1531 1162 1551 s.
1190 1519 1293 1561 praef.
1315 1519 1335 1560 ξ
1364 1520 1413 1552 12.
1434 1539 1477 1543 —-
1493 1531 1571 1553 eum

892 1576 928 1606 g.
960 1563 1007 1605 T.,
1031 1570 1102 1597 erst
1124 1565 1184 1596 mit
1210 1576 1238 1596 u.
1267 1575 1291 1596 s.
1318 1575 1373 1605 w.‚
1402 1566 1470 1605 vgl.
1494 1565 1524 1607 ξ.
1551 1566 1570 1597 6

895 1612 1030 1651 reg-lum
1057 1621 1190 1652 genus,
1226 1611 1285 1641 das
1327 1610 1572 1652 Herrscherge-

896 1656 1057 1687 schlecht.
1091 1674 1134 1678 -
1166 1655 1368 1695 admiratio,
1398 1656 1452 1687 die
1486 1656 1571 1688 Ver-

896 1700 1105 1742 wunderung
1143 1701 1226 1732 iiber
1257 1701 1310 1732 die
1346 1701 1570 1742 Zumuthung.

896 1765 939 1768 —
958 1746 1087 1783 inclus„
1114 1748 1167 1786 21,
1192 1747 1246 1786 58,
1271 1748 1306 1778 4:
1339 1747 1495 1789 spiritum.
1519 1748 1569 1777 in-

897 1790 1042 1830 elusim-«³3
1068 1791 1136 1823 Cic.
1162 1791 1241 1822 Rab.
1268 1791 1358 1823 Post.
1387 1792 1445 1824 17:
1477 1790 1571 1824 dolor

896 1835 1036 1867 includit
1059 1846 1182 1876 vocem3
1218 1842 1313 1869 sonst
1342 1836 1388 1868 ist
1409 1836 1572 1869 interclu-

896 1880 974 1913 dere
1007 1882 1265 1922 gewolinlicher.
1301 1901 1343 1905 —
1376 1884 1407 1913 et
1439 1881 1571 1923 quidem

897 1927 991 1958 dieat
1020 1927 1104 1958 dazu
1133 1932 1238 1959 etwas
1264 1926 1375 1959 Neues
1399 1927 1571 1958 anzuknii-

897 1970 984 2013 pseu,
1001 1982 1070 2004 was
1088 1972 1188 2004 durch
1208 1972 1338 2013 quidem
1362 1972 1572 2012 eingeriiumt

897 2017 960 2047 und
994 2017 1175 2058 bekraftigt
1206 2017 1306 2049 wird:
1340 2018 1404 2048 und
1425 2036 1443 2039 -
1466 2017 1572 2048 aller-

897 2062 995 2103 dings
1020 2073 1127 2102 zwar,
1160 2062 1369 2103 gewo'hnlich
1398 2060 1484 2102 folgt
1515 2062 1567 2093 ein

898 2106 1087 2148 G‹·gensatz
1125 2108 1187 2139 mit
1218 2107 1284 2148 sed,
1313 2118 1354 2139 an
1385 2118 1415 2139 u.
1448 2108 1494 2139 St.
1527 2107 1572 2138 ist

897 2153 1052 2184 derselbe
1076 2153 1134 2185 mit
1160 2154 1232 2184 dem
1256 2152 1337 2193 folg.
1363 2153 1460 2184 Satze
1486 2153 1570 2183 ohne

896 2197 955 2229 sed
972 2199 1233 2238 verschinolzen,
1252 2198 1360 2239 vgl.1,
1377 2199 1427 2237 12,
1449 2199 1505 2236 10,
1524 2197 1570 2230 ib.

902 2244 952 2281 14,
972 2244 1374 2284 4324‚1,1l;41,19,
1392 2243 1411 2275 3
1430 2254 1459 2274 u.
1479 2253 1506 2273 a.
1526 2260 1570 2264 —

896 2290 1024 2329 mator,
1055 2300 1084 2320 n.
1119 2291 1239 2321 ceteris
1271 2289 1485 2331 primoribus.
1526 2306 1568 2310 —

896 2333 1074 2375 dignitate,
1092 2335 1245 2366 Ansehen
1264 2335 1297 2365 in
1317 2333 1417 2375 Folge
1435 2343 1572 2374 grosser

896 2379 1036 2420 Thateu,
1053 2380 1156 2412 hoher
1173 2380 1424 2420 Ehrenstellen,
1449 2387 1569 2419 ausge-

897 2424 1090 2456 zeichneter
1108 2425 1332 2465 Tiiclitigkeit,
1354 2425 1446 2456 nicht
1465 2423 1569 2455 durch

896 2469 1049 2501 das'Alnt.
1068 2489 1109 2494 —-
1127 2481 1229 2511 agere
1245 2481 1269 2501 r.
1289 2480 1318 2503 ι’.
1339 2475 1412 2510 etc„
1433 2471 1493 2501 der
1507 2468 1570 2500 all-

895 2516 1046 2555 geineine
1076 2515 1203 2556 Begriff
1231 2525 1335 2556 agere
1365 2515 1449 2546 wird
1487 2512 1570 2547 nach

895 2560 1010 2591 sciner
1043 2562 1106 2593 Art
1141 2561 1204 2591 und
1226 2561 1342 2592 Weise
1377 2560 1479 2591 uiiher
1511 2561 1568 2592 be-
