1698 2864
153 439 172 471 (Ὢ

131 661 172 694 10

131 883 170 915 11

132 1107 171 1139 12

134 1331 173 1364 13

130 1502 171 1534 14

695 218 822 251 LIBER
847 219 887 252 V.
936 218 1029 251 CAP.
1048 218 1102 252 27.
1445 236 1470 254 a.
1492 236 1520 254 u.
1541 229 1602 255 360.

203 220 283 260 316

201 322 314 361 etiam
337 321 458 373 captis
480 321 642 360 urbibus
663 321 846 372 parcitur,
869 321 934 360 sed
952 321 1137 360 adversus
1154 326 1324 360 armatos
1342 325 1379 359 et
1395 321 1519 372 ipsos,
1541 322 1606 373 qui

200 390 273 417 nec
294 377 386 417 laesi
408 390 479 416 nec
499 377 664 417 lacessiti
686 390 706 416 a
728 377 841 416 nobis
864 382 988 417 castra
1004 377 1180 416 Romana
1201 378 1247 416 ad
1264 377 1378 416 Veios
1401 389 1605 429 oppugna-

201 438 302 473 runt.
343 446 409 472 eos
438 439 498 480 tu,
530 439 715 485 quantum
737 434 777 472 in
797 438 835 473 te
854 434 945 481 fuit,
974 445 1076 473 novo
1099 434 1241 473 scelere
1260 433 1404 481 vicisti,
1433 446 1502 484 ego
1523 434 1604 473 Ro-

201 491 326 529 manis
348 490 516 537 artibus,
539 491 678 530 virtute
700 503 815 541 opere
837 490 973 538 armis,
996 490 1095 529 sicut
1117 490 1227 529 Veios
1249 490 1440 529 vincam.“
1481 490 1604 529 denu—

203 547 333 586 datum
363 547 502 585 deinde
529 559 617 586 eum
647 547 827 585 manibus
855 552 946 598 post
972 552 1121 597 tergum
1150 546 1316 597 inligatis
1339 546 1604 585 reducendum

200 603 372 642 Falerios
390 603 521 654 pueris
538 603 703 650 tradidit,
725 604 927 654 virgasque.
945 603 1012 651 eis,
1035 603 1174 654 quibus
1191 602 1430 654 proditorem
1450 607 1606 653 agerent

201 659 240 697 in
274 659 412 698 urbem
449 659 713 705 verberantes,
750 659 866 698 dedit.
914 660 959 698 ad
990 660 1093 710 quod
1123 658 1383 709 spectaculum
1411 670 1604 697 concursu

200 715 335 766 populi
363 716 533 766 primum
561 715 679 762 facto,
698 714 845 764 fdeinde
872 727 892 753 a
913 715 1200 765 magistratibus
1223 714 1269 753 de
1290 727 1330 753 re
1350 726 1450 753 nova
1468 718 1603 753 vocato

201 776 336 810 senatu
366 776 471 810 tanta
501 771 662 809 mutatio
693 771 832 810 animis
862 776 921 810 est
948 771 1105 819 iniecta,
1131 776 1192 816 ut,
1223 771 1286 822 qui
1316 771 1436 810 modo
1458 770 1605 809 efferati

203 827 290 865 odio
322 827 454 877 iraque
484 827 696 866 Veientium
727 828 869 866 exitum
898 840 1022 878 paene
1054 839 1168 879 quam
1192 827 1439 878 Capenatium
1469 839 1605 878 pacem

201 883 372 928 mallent,
408 883 509 934 apud
540 896 607 922 eos
638 896 772 935 pacem
800 885 979 923 universa
1007 888 1187 935 posceret
1215 883 1357 923 civitas.
1398 884 1495 921 fides
1522 883 1604 922 Ro-

200 951 332 987 mana,
360 939 503 978 iustitia
525 939 770 991 imperatoris
793 941 831 979 in
852 940 939 979 foro
962 945 998 979 et
1018 940 1124 979 curia
1147 939 1406 987 celebrantur3
1434 951 1603 978 consen-

200 1008 322 1046 suque
346 996 520 1034 omnium
543 996 654 1046 legati
676 996 723 1035 ad·
740 997 938 1035 Camillum
962 997 1000 1035 in
1024 1001 1146 1035 castra
1168 1001 1281 1048 atque
1302 996 1390 1036 inde
1411 995 1605 1047 permissu

200 1050 347 1090 Camilli
371 1051 532 1090 Romam
556 1053 600 1091 ad
625 1057 822 1099 senatum,
846 1054 910 1103 qui
932 1053 1116 1091 dederent
1136 1053 1322 1099 Falerios,
1344 1052 1604 1104 proficiscun-

200 1112 276 1146 tur.
328 1108 537 1146 introducti
565 1108 609 1146 ad
639 1114 815 1147 senatum
845 1109 894 1147 ita
923 1109 1041 1147 loc-uti
1071 1109 1294 1148 traduntur:
1325 1113 1482 1159 „patres
1505 1120 1605 1147 con-

201 1163 345 1214 scripti,
368 1164 542 1209 victoria,
566 1164 626 1202 cui
647 1176 719 1203 nec
740 1165 835 1203 deus
858 1177 927 1203 nec
948 1166 1066 1203 homo
1090 1165 1294 1216 quisquam
1315 1165 1493 1211 invideat,
1516 1164 1605 1202 victi

202 1233 221 1257 a
243 1219 350 1258 vobis
374 1225 411 1258 et
431 1220 664 1270 imperatore
685 1225 815 1259 vestro
839 1221 1015 1260 dedimus
1037 1233 1110 1259 nos
1133 1221 1263 1267 vobis,
1286 1221 1379 1267 rati,
1410 1233 1487 1271 quo
1509 1220 1605 1260 nihil

201 1275 336 1314 victori
358 1276 556 1326 pulchrius
580 1282 659 1322 est,
688 1277 825 1315 melius
847 1289 920 1316 nos
944 1277 1014 1316 sub
1037 1277 1201 1328 imperio
1223 1282 1352 1316 vestro
1377 1289 1489 1327 quam
1511 1276 1606 1327 legi-

202 1331 274 1370 bus
304 1333 449 1371 nostris
477 1332 659 1371 victuros.
700 1338 836 1372 eventu
866 1333 981 1372 huius
1012 1333 1099 1372 belli
1130 1334 1206 1372 duo
1236 1333 1412 1373 salutaria
1434 1332 1606 1384 exempla

199 1388 352 1438 prodita
372 1389 543 1427 humano
566 1389 693 1439 generi
711 1394 819 1428 sunt:
842 1402 910 1428 vos
928 1390 1042 1428 fidem
1060 1389 1099 1428 in
1114 1390 1212 1428 bello
1231 1402 1344 1440 quam
1363 1394 1605 1440 praesentem

198 1444 396 1482 victoriam
419 1445 627 1493 maluistis,
648 1457 721 1484 nos
739 1446 813 1484 fide
835 1446 1034 1496 provocati
1049 1446 1248 1485 victoriam
1266 1447 1367 1485 ultro
1386 1445 1605 1484 detulimus.

200 1500 272 1538 sub
301 1501 451 1540 dicione
479 1506 605 1540 vestra
628 1514 788 1540 sumus:
820 1502 982 1551 mittite,
1011 1502 1075 1553 qui
1097 1515 1221 1549 arma,
1249 1502 1313 1553 qui
1336 1502 1511 1548 obsides,
1540 1501 1604 1552 qui

197 1556 332 1595 urbem
356 1557 573 1608 patentibus
596 1558 720 1609 portis
741 1558 939 1609 accipiant.
977 1571 1048 1597 nec
1068 1571 1137 1597 vos
1160 1558 1247 1597 fidei
1268 1564 1427 1598 nostrae
1443 1570 1516 1597 nec
1531 1569 1605 1596 nos

940 1697 1002 1724 etc.
1027 1693 1059 1723 in
1079 1693 1188 1733 Bezug
1211 1691 1271 1724 auf
1285 1703 1310 1724 c.
1338 1692 1397 1732 21,
1419 1693 1476 1731 15;
1495 1691 1554 1732 23,
1574 1692 1605 1724 6.

938 1756 982 1760 -
998 1740 1059 1770 sub
1076 1739 1176 1782 imp„
1201 1738 1243 1769 im
1262 1737 1513 1769 Wesentlichen
1531 1738 1607 1768 das-

939 1783 1031 1814 selbe
1055 1784 1118 1814 wie
1141 1783 1161 1825 §
1188 1783 1227 1813 14
1250 1785 1313 1814 sub
1336 1782 1475 1823 divione,
1500 1792 1526 1814 s.
1552 1781 1605 1821 38,

937 1828 993 1869 48,
1014 1828 1051 1867 33
1077 1827 1135 1866 29,
1155 1828 1213 1867 29,
1235 1828 1288 1859 1οε
1306 1829 1340 1860 in
1360 1827 1524 1859 dicionem
1539 1828 1604 1858 im-

934 1874 1133 1916 periumque
1149 1892 1170 1896 -—
1187 1875 1365 1913 concessit,
1385 1873 1451 1912 vgl.
1471 1871 1532 1911 26,
1550 1870 1603 1911 33,

197 1689 340 1731 fiihrung
368 1691 419 1722 die
444 1691 676 1732 Beobachtung
706 1693 764 1723 der
787 1693 866 1724 iura

199 1735 273 1767 belli
296 1736 440 1767 sichtbar
463 1737 556 1768 wird.
581 1755 624 1759 —-—
643 1740 676 1768 et
697 1739 777 1780 ips„
801 1738 864 1768 wie

197 1782 270 1811 wir.
289 1798 332 1803 ——
350 1780 523 1821 Romanis,
542 1781 596 1821 42,
615 1782 669 1821 47,
689 1781 720 1813 2.

246 1824 297 1856 10.
323 1826 416 1868 apud
430 1837 486 1858 eos
498 1845 521 1848 -
533 1828 659 1868 civitas,
676 1837 747 1858 man
764 1827 864 1858 sollte

200 1871 230 1900 in
250 1870 360 1910 Bezug
383 1870 442 1902 auf
461 1873 518 1913 qui
539 1876 724 1903 erwarten:
750 1874 775 1903 e'z'
792 1883 865 1904 om-

197 1925 271 1953 ues,
296 1915 376 1946 aber
392 1926 444 1947 um
463 1917 523 1947 den
544 1916 734 1956 Gegensatz
753 1927 793 1948 zu
811 1918 865 1948 he-

198 1959 258 1990 ben
284 1961 327 1991 ist
351 1961 410 1991 der
426 1961 552 2001 Begriff
567 1972 628 1992 von
648 1963 731 1993 zwei
749 1963 863 1994 Seiten

198 2005 436 2044 ausgedriickt:
473 2007 548 2037 dass
586 2006 636 2037 bei
670 2007 783 2038 dlesen
814 2008 863 2046 (in

199 2049 279 2080 dem
295 2049 422 2089 Stante)
441 2051 491 2081 die
510 2061 614 2090 gauze
630 2050 865 2091 Biirgerschaft

197 2103 228 2124 u.
248 2103 274 2124 s.
292 2103 350 2135 w.,
373 2095 477 2125 indem
503 2096 559 2126 das
578 2094 637 2126 auf
650 2097 721 2127 dein
740 2096 863 2128 Forum

197 2141 576 2171 zusammenstro'mende
601 2140 687 2171 Volk
713 2141 864 2180 (concur-

196 2193 237 2214 St!
263 2183 391 2226 populi)
420 2185 482 2214 und
517 2185 576 2215 der
605 2184 707 2216 Senat
735 2186 863 2225 gleich-

196 2227 320 2267 m'zissig
338 2229 399 2259 den
418 2228 559 2260 Frieden
580 2229 770 2262 wiinschen.

246 2272 374 2304 11-12.
401 2284 566 2305 consensu
584 2279 665 2313 ete„
683 2276 771 2306 nicht
789 2276 861 2306 eine

197 2317 394 2357 eigentliche
423 2319 588 2350 Annahme
619 2319 675 2349 des
700 2320 861 2352 Friedens

197 2362 296 2393 durch
313 2363 370 2393 das
384 2362 482 2403 Volk,
500 2364 642 2395 welches
658 2365 688 2394 in
705 2364 861 2396 Etrurien

197 2417 256 2437 aus
280 2407 423 2447 Ho'rigen
450 2408 596 2449 besteht,
626 2410 783 2441 wa'hrend
810 2411 861 2441 die

196 2451 404 2483 Lucumouen
430 2454 594 2493 regieren.
611 2472 655 2476 —
677 2454 722 2485 ad
742 2458 860 2493 senat„

198 2497 308 2528 dieser
331 2498 458 2529 schloss
478 2499 567 2539 jetzt
591 2499 620 2530 in
645 2499 862 2540 Verbindung

198 2543 258 2573 mit
278 2542 338 2573 den
358 2542 574 2582 Magistraten
597 2545 647 2575 die
668 2544 861 2584 Biindnisse,

199 2597 225 2618 s.
245 2587 282 2625 4,
307 2586 364 2627 30,
386 2588 421 2626 13
447 2588 483 2627 6,
503 2589 544 2620 2ss
563 2601 593 2621 u.
614 2599 643 2620 a.
661 2607 705 2612 —
722 2591 863 2622 victoria

198 2651 216 2653 —
237 2633 316 2664 victi
330 2651 351 2655 —
367 2634 502 2675 victori,
521 2644 547 2666 s,
570 2635 603 2677 1,
622 2634 681 2675 58,
699 2634 729 2667 5.
748 2653 792 2658 -
809 2637 864 2667 cui

940 1918 996 1957 12,
1020 1919 1072 1949 die
1090 1918 1261 1958 ganzliche
1281 1916 1522 1957 Abhangigkeit
1539 1926 1604 1948 von

938 1964 1043 1994 einem
1076 1961 1222 1993 fremden
1253 1961 1366 1992 Staate
1400 1962 1441 1993 im
1471 1960 1603 2001 Gegen-

938 2012 1031 2038 satze
1055 2017 1095 2038 zu
1119 2007 1178 2037 der
1203 2007 1233 2036 in
1251 2006 1381 2048 legibus
1398 2008 1527 2038 nostris
1545 2006 1602 2037 be—

937 2052 1129 2083 zeichneten
1154 2051 1350 2093 politischen
1374 2051 1604 2092 Selbst'andig-

935 2096 1018 2128 keit.

984 2141 1022 2172 13
1036 2159 1055 2163 —
1075 2141 1125 2172 14.
1150 2141 1275 2183 fidem,
1299 2140 1520 2183 Redlichkeit,
1538 2141 1601 2172 wie

936 2186 954 2226 ξ
974 2186 1008 2217 6:
1027 2188 1103 2218 iura
1121 2186 1203 2217 belli.
1222 2204 1265 2209 —
1280 2189 1508 2228 praesentem,
1528 2195 1554 2217 S.
1572 2196 1602 2217 c.

936 2232 971 2268 5,
997 2231 1054 2262 12:
1079 2231 1340 2271 augenblicklich
1365 2241 1404 2261 zu
1430 2230 1600 2271 erlangen,

935 2277 1015 2307 aber
1052 2277 1082 2307 in
1123 2277 1235 2308 seinen
1272 2276 1398 2316 Folgen
1436 2276 1526 2306 nicht
1563 2285 1599 2306 so

936 2322 1081 2352 dauernd
1099 2321 1147 2353 als
1167 2320 1339 2362 diefides,
1356 2320 1424 2360 vgl.
1443 2320 1479 2360 8,
1497 2320 1548 2360 21,
1568 2320 1600 2352 4.

933 2385 977 2390 —
993 2368 1055 2398 sub
1073 2366 1152 2407 dle„
1178 2371 1276 2397 uuter
1293 2367 1352 2396 der
1368 2365 1601 2396 volkerrecht—

933 2412 1039 2443 lichen
1074 2411 1221 2451 Gewalt,
1255 2411 1380 2441 welche
1414 2410 1515 2440 durch
1547 2409 1600 2440 die

934 2457 965 2487 in
993 2458 1050 2498 qui
1070 2467 1167 2488 arma
1191 2461 1254 2487 etc.
1278 2455 1527 2486 umschriebene
1544 2454 1602 2485 de—

934 2502 1013 2533 ditio
1033 2500 1282 2541 herbeigefiihrt
1300 2500 1394 2539 wird,
1412 2499 1478 2539 vgl.
1500 2498 1530 2539 6,
1546 2498 1598 2538 29,

934 2546 972 2585 63
993 2547 1051 2587 33,
1070 2546 1128 2585 30,
1143 2547 1180 2584 23
1199 2546 1241 2577 ib.
1261 2545 1313 2584 32,
1333 2545 1351 2575 6
1370 2555 1400 2575 u.
1417 2554 1456 2585 a.‚
1476 2543 1598 2575 ebenso

935 2593 968 2622 ιή
987 2592 1116 2624 dit-ione
1133 2602 1206 2623 esse
1224 2589 1259 2631 8,
1287 2589 1400 2630 1,10;
1429 2589 1464 2630 9,
1483 2588 1541 2629 20,
1560 2588 1597 2627 8;

934 2636 994 2677 41,
1019 2636 1055 2678 6,
1082 2636 1137 2668 12;
1162 2639 1200 2668 ut
1216 2637 1250 2667 in
1268 2634 1395 2666 dicione
1411 2645 1441 2677 p.
1462 2633 1500 2666 R.
1519 2634 1598 2665 civi-
