1698 2864
529 205 656 239 LIBER
681 204 735 238 111.
783 204 877 237 CAP.
905 204 956 236 11.
985 204 1038 237 12.

81 227 109 245 a.
132 217 260 245 011.461.
1434 204 1486 243 25

84 311 238 362 quinios
266 309 447 361 superbia
475 312 694 360 exsuperat.
735 310 949 358 expectate,
970 305 1062 344 dum
1084 306 1220 346 consul
1240 311 1305 345 aut
1326 306 1489 345 dictator

85 368 167 414 fiat,
195 379 308 418 quem
335 365 527 417 privatum
556 364 702 404 viribus
722 368 760 402 et
779 361 935 402 audacia
955 367 1180 412 regnantem
1201 362 1377 401 videtis.“
1419 362 1490 401 ad-

85 423 345 463 sentiebantur
370 421 499 468 multi‚
529 421 704 472 pulsatos
733 433 776 459 se
803 424 1029 471 querenteS‚
1058 423 1096 457 et
1115 418 1315 457 tribunum
1337 418 1385 458 ad
1406 430 1489 457 rem

83 479 340 531 peragendam
363 479 462 517 ultro
484 477 706 517 incitabant.

195 535 275 574 Iam
309 535 441 574 aderat
473 534 614 573 iudicio
650 533 750 581 dies,
780 531 1066 584 apparebatque
1098 530 1212 581 vulgo
1241 530 1420 569 homines
1448 531 1487 569 in
1518 533 1571 571 12

83 592 328 632 damnatione
351 591 534 631 Caesonis
561 590 776 630 libertatem
806 589 866 640 agi
894 588 1061 627 credere.
1108 592 1191 626 tum
1222 586 1378 625 demum
1401 599 1490 625 coa-

83 653 167 688 ctus
189 661 278 687 cum
300 648 420 687 multa
439 647 665 698 indignitate
686 645 896 698 prensabat
915 644 1102 695 singulos.
1139 643 1402 694 sequebantur
1418 655 1491 681 ne-
1520 650 1539 681 2

83 705 264 751 cessarii‚
292 705 489 756 principes
519 703 691 743 civitatis.
742 702 786 741 T.
815 701 1020 748 Quinctius
1049 700 1307 752 Capitolinus,
1339 698 1404 750 qui
1432 704 1491 737 ter

82 761 220 801 consul
241 761 386 807 fuerat,
411 773 498 800 cum
525 760 645 799 multa
673 759 833 798 referret
854 771 924 797 sua
939 757 1181 808 familiaeque
1202 756 1353 803 decora,
1374 755 1492 794 adfir-
1520 761 1539 792 3

81 817 213 856 mahat
231 829 357 868 neque
379 817 418 856 in
440 817 617 864 Quinctia
639 820 750 867 gente
769 827 895 867 neque
917 815 955 853 in
979 814 1129 853 civitate
1150 813 1326 852 Romana
1342 816 1491 851 tantam

82 874 250 912 indolem
282 880 361 913 tam
387 879 559 913 maturae
588 872 737 912 virtutis
764 883 951 923 umquam
974 870 1164 909 extitisse:
1183 882 1297 909 suum
1320 868 1492 921 primum

81 930 242 969 militem
263 931 396 978 fuisse,
418 943 458 969 se
480 942 596 980 saepe
616 929 766 968 vidente
786 940 981 979 pugnasse
1001 927 1041 966 in
1062 927 1238 974 hostem,
1261 926 1328 976 Sp.
1351 925 1490 964 Furius
1514 934 1541 966 ,4

85 987 239 1038 [ipsum]
271 987 434 1026 missum
467 987 513 1025 ab
536 986 719 1033 Quinctio
742 984 958 1035 Capitolino
987 983 1060 1022 sibi
1082 995 1170 1022 eum
1199 983 1239 1021 in
1261 982 1387 1021 dubiis
1411 981 1491 1020 suis

81 1043 200 1081 rebus
221 1044 374 1081 venisse
395 1042 590 1088 subsidio3
611 1041 808 1080 neminem
829 1052 951 1079 unum
973 1052 1076 1085 esse,
1101 1038 1211 1078 cuius
1233 1038 1354 1090 magis
1376 1050 1494 1088 opera

80 1103 191 1150 putet
210 1111 293 1137 rem
314 1098 545 1137 restitutam.
590 1098 629 1136 L.
651 1097 874 1143 Lucretius,
899 1095 1038 1135 consul
1058 1095 1149 1134 anni
1170 1094 1326 1146 prioris,
1349 1093 1493 1133 recenti
1521 1104 1540 1134 5

81 1155 201 1206 gloria
231 1156 378 1201 nitens,
405 1167 495 1194 suas
531 1154 662 1193 laudes
690 1153 924 1205 participare
948 1165 1035 1191 cum
1058 1152 1248 1197 Caesone,
1276 1162 1494 1190 memorare

81 1223 244 1263 pugnas,
266 1211 409 1250 referre
431 1211 602 1262 egregria
618 1210 791 1250 facinora
807 1209 967 1248 nuncin
983 1208 1307 1259 expeditionibus,
1328 1219 1434 1246 nunc
1453 1206 1493 1245 in
1522 1215 1541 1246 6

82 1267 182 1315 acie,
211 1268 374 1307 suadere
396 1272 434 1306 et
454 1279 626 1314 monere,
647 1267 822 1306 iuvenem
845 1265 1056 1316 egregium,
1079 1264 1313 1304 instructum
1334 1269 1493 1303 naturae

81 1324 337 1375 fortunaeque
365 1323 548 1362 omnibus
577 1323 712 1370 bonis,
745 1317 956 1361 maximum
985 1326 1227 1361 momentum
1256 1333 1387 1359 rerum
1410 1320 1491 1359 eius

83 1380 263 1425 civitatis,
286 1381 325 1418 in
353 1392 637 1430 quamcumque
666 1379 851 1425 venisset,
873 1389 989 1417 suum
1012 1390 1127 1429 quam
1149 1377 1315 1416 alienum
1338 1376 1495 1415 mallent

83 1436 203 1475 civem
226 1449 323 1475 esse.
366 1436 469 1486 quod
493 1436 662 1474 offendat
682 1435 720 1473 in
744 1448 804 1483 eo,
825 1435 1023 1473 fervorem
1045 1439 1081 1473 et
1098 1434 1308 1481 audaciam,
1331 1438 1492 1472 aetatem
1523 1443 1540 1473 7

82 1492 220 1532 cotidie
242 1492 408 1538 auferre3
432 1492 536 1543 quod
559 1491 815 1540 desideretur,
839 1490 1058 1536 consilium,
1082 1490 1119 1529 id
1140 1490 1180 1529 in
1203 1489 1284 1529 dies
1309 1502 1492 1529 creseere.

84 1622 127 1627 -—-
143 1604 307 1643 libertati,
333 1605 434 1635 durch
454 1604 512 1635 das
530 1602 551 1644 ξ
569 1603 587 1635 8
606 1604 750 1643 geschil-

83 1651 179 1681 derte
197 1647 394 1681 Ver-fabren.
412 1667 457 1671 —
474 1651 652 1692 carpet-tate
674 1654 749 1689 etc„

83 1699 205 1726 wartet
223 1705 259 1726 es
278 1704 339 1725 nur
355 1694 406 1733 ab,
425 1694 513 1734 dass,
532 1694 562 1725 d.
577 1695 606 1725 h.
626 1703 694 1725 was
713 1703 750 1724 er

84 1744 155 1771 erst
177 1740 226 1771 als
245 1739 368 1771 Consul
392 1739 469 1770 thun
494 1739 589 1770 wird.
608 1757 653 1762 —
671 1738 753 1781 quid

82 1789 158 1823 ete,
178 1795 204 1816 s.
224 1785 253 1826 5,
272 1785 302 1823 5,
322 1784 351 1816 6.

129 1824 197 1862 12.
229 1830 257 1861 1.
281 1829 420 1868 iudicio,
439 1839 465 1860 s.
485 1829 515 1870 2,
533 1828 585 1867 35,
606 1829 641 1867 5,
665 1839 696 1860 u.
722 1839 751 1861 c.

84 1874 136 1916 13,
156 1875 191 1906 1:
211 1875 241 1906 4.
260 1893 304 1897 —
321 1877 354 1906 ’ίη
372 1874 484 1906 damn.
503 1878 583 1913 etc.‚
607 1874 751 1905 dadurch

81 1921 158 1953 dass
172 1931 244 1952 man
260 1920 312 1951 ihn
327 1919 525 1957 verdamme,
542 1919 655 1950 werde
668 1919 752 1950 iiber

82 1966 134 1997 die
144 1965 294 1997 Freiheit
307 1964 534 1996 entscliieden.
549 1983 591 1986 —
606 1967 752 2005 coactus,

81 2011 233 2052 absolut,
264 2010 345 2042 oder
372 2020 444 2041 man
472 2019 563 2040 muss
586 2019 752 2051 prensare

83 2056 267 2096 ergiinzen,
287 2066 313 2087 s.
333 2055 361 2095 1,
382 2054 436 2094 28,
457 2054 492 2094 13
512 2054 566 2095 22,
585 2053 638 2091 32,
657 2053 688 2086 3.
705 2073 749 2078 —-

84 2112 160 2133 cum
172 2100 278 2132 multa
291 2100 371 2138 ind„
385 2100 603 2140 mitgrossem
613 2099 750 2131 Wider-

84 2146 213 2186 willen,
232 2146 338 2176 indem
358 2155 394 2176 er
412 2145 469 2176 das
487 2145 748 2185 Demiithigende

86 2191 197 2222 seiner
221 2190 309 2230 Lage
332 2188 396 2222 tief
416 2188 580 2231 empfand,
608 2200 633 2221 s.
659 2201 700 2222 zu
719 2191 748 2231 5,

84 2237 137 2276 45,
157 2236 356 2274 53iib.c11m
370 2235 436 2274 vgl.
456 2234 486 2275 1,
500 2234 630 2275 25,13;
650 2236 681 2275 5,
696 2235 747 2277 26,

83 2282 118 2312 8:
134 2291 209 2313 cum
222 2280 576 2322 magnamih'fflmirm
593 2280 645 2321 29,
660 2280 709 2320 18,
723 2280 751 2312 1.

127 2325 215 2358 2-4.
251 2330 310 2367 ter,
331 2326 359 2367 2,
379 2324 518 2362 56;64;
540 2324 614 2366 3,1.
631 2343 674 2348 —
693 2327 750 2357 de—

83 2380 172 2413 cora,
187 2371 369 2412 gl'anzende
381 2370 641 2409 VVaffenthaten,
656 2370 686 2411 2,
697 2370 749 2411 23,

82 2417 121 2456 4?
140 2417 172 2456 6,
190 2416 243 2457 20,
263 2418 291 2457 7,
305 2416 373 2456 vgl.
393 2415 565 2455 dedecora,
581 2414 611 2455 3,
627 2415 680 2456 51,
699 2415 750 2456 12,

83 2481 127 2485 —
144 2462 323 2504 adfirmob.
341 2473 372 2493 n.
389 2466 452 2492 etc.
473 2461 607 2492 starker
623 2461 672 2491 als
690 2472 749 2492 ne-

80 2518 169 2550 gare
184 2511 246 2539 aut
261 2527 282 2530 —
299 2510 368 2543 aut,
389 2518 415 2538 s.
431 2506 529 2547 27‚74,
545 2506 574 2537 5.
590 2524 634 2528 —
648 2516 751 2538 suum

84 2557 166 2592 etc.‚
183 2563 220 2584 er
236 2554 337 2584 wisse
355 2553 431 2591 das,
450 2552 533 2583 deun
552 2562 584 2582 u.
603 2561 631 2582 s.
648 2561 690 2583 w.
707 2569 751 2574 —

83 2599 235 2640 primum
248 2602 374 2638 zuerst,
390 2598 470 2629 oder
484 2597 544 2628 der
558 2601 660 2635 erste,
674 2607 753 2627 vor-

86 2642 279 2684 ziiglichste.
306 2661 352 2668 —
373 2653 475 2686 saepe
496 2642 541 2674 ist
564 2651 616 2674 am
634 2641 750 2674 besten

821 1603 881 1634 mit
893 1613 1069 1645 pugnasse
1081 1613 1123 1633 zu
1136 1602 1330 1641 verbinden,
1350 1612 1375 1633 s.
1395 1601 1423 1643 1,
1441 1601 1492 1639 10,

824 1649 858 1679 5:
878 1650 974 1690 apte3
1000 1647 1100 1679 sollte
1124 1657 1160 1678 es
1184 1658 1225 1678 zu
1243 1647 1374 1679 vidente
1391 1648 1495 1687 geho'-

823 1703 894 1733 ren,
914 1703 950 1724 so
968 1692 1083 1723 wiirde
1102 1692 1200 1724 dafiir
1214 1693 1274 1724 der
1287 1691 1344 1724 inf.
1359 1693 1493 1724 stehen:

825 1748 863 1769 er
876 1737 958 1769 habe
974 1736 1021 1768 oft
1034 1738 1191 1777 gesehen.
1205 1756 1249 1760 -—
1263 1740 1385 1780 ipsum,
1400 1737 1494 1770 viell.

824 1783 870 1814 ist
892 1783 984 1813 darin
1010 1783 1063 1813 ein
1087 1783 1252 1814 ehrender
1275 1782 1401 1814 Zusatz
1431 1783 1494 1813 wie

824 1827 845 1869 ξ
860 1827 897 1866 2;
914 1828 952 1865 5;
969 1826 987 1858 8
1002 1828 1202 1860 verdorben.
1218 1846 1261 1850 —
1280 1828 1390 1860 dubiis
1404 1828 1495 1859 steht

826 1871 875 1904 ost
891 1873 1054 1904 mildernd
1073 1877 1156 1904 statt
1169 1873 1334 1912 adversis,
1352 1884 1379 1904 s.
1394 1872 1426 1913 2,
1441 1872 1493 1913 50,

827 1918 864 1949 11
881 1929 913 1949 ιι.
928 1928 956 1949 a.
969 1928 976 1955 3
992 1928 1054 1948 zur
1068 1917 1172 1949 Sache
1188 1919 1255 1949 c.5.
1269 1936 1312 1941 —
1326 1929 1413 1950 uem.
1427 1929 1494 1959 rm„

825 1973 861 1994 es
887 1963 972 1994 wird
997 1963 1088 1994 nicht
1112 1963 1306 2005 behauptet,
1340 1964 1415 1994 dass
1441 1963 1493 1994 die

823 2008 961 2048 iibrigen
982 2008 1088 2039 nichts
1107 2009 1239 2048 gethan,
1258 2009 1401 2040 sondern
1417 2008 1493 2040 dass

823 2053 917 2084 kein
957 2053 1184 2084 Einzelner
1228 2054 1336 2085 soviel
1374 2054 1494 2094 gethan

823 2098 907 2130 habe
923 2097 974 2129 als
993 2097 1109 2138 Caeso,
1128 2109 1155 2130 s.
1175 2098 1206 2138 9,
1227 2098 1278 2137 16,
1300 2098 1352 2130 19.

870 2143 958 2174 5-7.
991 2145 1138 2186 prioris,
1159 2154 1195 2175 so
1215 2142 1263 2175 oft
1282 2144 1364 2175 ohne
1382 2146 1496 2186 poste-

823 2190 895 2221 rior·
912 2203 933 2214 =
949 2190 1151 2232 promimus,
1176 2199 1202 2220 s.
1222 2200 1247 2220 c.
1268 2189 1297 2230 9,
1318 2189 1353 2229 73
1382 2189 1432 2229 10,
1454 2189 1493 2220 14

822 2245 854 2265 ιι.
870 2244 900 2265 a.
914 2252 954 2256 —
970 2236 1126 2277 particz'p.
1142 2244 1169 2265 s.
1186 2234 1217 2273 2,
1233 2234 1285 2273 52,
1303 2233 1333 2265 S.
1349 2252 1393 2256 --
1406 2244 1494 2266 nunc

822 2281 844 2311 i.
861 2290 901 2318 e.,
915 2279 1102 2319 attributiv‚
1121 2290 1149 2310 c.
1165 2279 1195 2318 6,
1210 2279 1239 2310 3.
1259 2297 1303 2302 —
1320 2282 1494 2317 moment„

823 2336 854 2356 n.
870 2324 1088 2366 quisuturus
1102 2327 1200 2365 esset,
1216 2324 1282 2364 vgl.
1298 2324 1351 2364 28,
1372 2325 1421 2364 17,
1439 2323 1493 2354 10:

823 2380 989 2411 magnmn
1012 2372 1044 2401 in
1070 2372 1181 2401 omnia
1202 2372 1411 2401 momentum
1429 2368 1494 2411 Sy-

823 2416 918 2459 plmoe
936 2417 1027 2453 erat,
1047 2415 1100 2455 21,
1119 2415 1150 2454 4,
1166 2414 1203 2446 2:
1225 2425 1297 2445 zum
1313 2414 1493 2446 Gedanken

823 2471 850 2492 s.
871 2459 937 2491 Cic.
953 2459 1022 2491 Mil.
1038 2459 1091 2499 37,
1110 2460 1184 2491 101.
1202 2478 1246 2482 —
1263 2470 1364 2491 suum
1380 2478 1402 2482 —
1420 2460 1491 2497 cita,

822 2515 918 2537 wenn
937 2515 974 2536 er
988 2505 1171 2536 verdammt
1185 2505 1214 2536 in
1231 2506 1287 2536 das
1303 2504 1378 2535 Exil
1394 2504 1492 2543 gieng

823 2551 889 2582 und
913 2550 1041 2590 Biirger
1063 2551 1121 2581 des
1140 2550 1272 2581 Staates
1297 2550 1432 2587 wurde,
1460 2549 1489 2579 in

823 2596 896 2628 dem
915 2606 953 2627 er
970 2596 1038 2626 sich
1057 2595 1273 2631 niederliess,
1293 2604 1318 2625 s.
1339 2604 1364 2624 c.
1388 2592 1439 2633 13,
1458 2592 1490 2624 9.

823 2660 867 2664 -
880 2642 1023 2684 auferre
1036 2659 1058 2664 -
1070 2650 1231 2682 erescere,
1246 2639 1297 2671 die
1306 2639 1372 2671 inff.
1381 2647 1490 2681 praeS.
