<?xml version="1.0" encoding="UTF-8"?>
<!DOCTYPE html PUBLIC "-//W3C//DTD XHTML 1.0 Transitional//EN"
    "http://www.w3.org/TR/xhtml1/DTD/xhtml1-transitional.dtd">
<html xmlns="http://www.w3.org/1999/xhtml" xml:lang="en" lang="en">
 <head>
  <title>
</title>
<meta http-equiv="Content-Type" content="text/html;charset=utf-8" />
  <meta name='ocr-system' content='tesseract 3.04.00' />
  <meta name='ocr-capabilities' content='ocr_page ocr_carea ocr_par ocr_line ocrx_word'/>
</head>
<body>
  <div class='ocr_page' id='page_1' title='image "./aburbeconditalib0102livyuoft_0516.png"; bbox 0 0 1698 2864; ppageno 0'>
   <div class='ocr_carea' id='block_1_1' title="bbox 346 764 1425 925">
    <p class='ocr_par' dir='ltr' id='par_1_1' title="bbox 346 764 1425 925">
     <span class='ocr_line' id='line_1_1' title="bbox 620 764 1150 819; baseline -0.002 0"><span class='ocrx_word' id='word_1_1' title='bbox 620 767 654 819; x_wconf 86' lang='grc' dir='ltr'><strong>Τ</strong></span> <span class='ocrx_word' id='word_1_2' title='bbox 691 765 713 818; x_wconf 94' lang='grc' dir='ltr'>Ι</span> <span class='ocrx_word' id='word_1_3' title='bbox 752 765 785 819; x_wconf 88' lang='grc' dir='ltr'><strong>Τ</strong></span> <span class='ocrx_word' id='word_1_4' title='bbox 823 765 845 818; x_wconf 85' lang='lat' dir='ltr'>I</span> <span class='ocrx_word' id='word_1_5' title='bbox 917 765 952 818; x_wconf 91' lang='lat' dir='ltr'>L</span> <span class='ocrx_word' id='word_1_6' title='bbox 990 764 1013 818; x_wconf 92' lang='lat' dir='ltr'>I</span> <span class='ocrx_word' id='word_1_7' title='bbox 1049 764 1091 818; x_wconf 92' lang='lat' dir='ltr'><strong>V</strong></span> <span class='ocrx_word' id='word_1_8' title='bbox 1127 765 1150 818; x_wconf 94' lang='lat' dir='ltr'>I</span> 
     </span>
     <span class='ocr_line' id='line_1_2' title="bbox 346 883 1425 925; baseline -0.002 -1"><span class='ocrx_word' id='word_1_9' title='bbox 346 886 407 925; x_wconf 81' lang='lat' dir='ltr'><strong>AB</strong></span> <span class='ocrx_word' id='word_1_10' title='bbox 439 885 570 924; x_wconf 82' lang='lat' dir='ltr'>URBE</span> <span class='ocrx_word' id='word_1_11' title='bbox 602 885 815 924; x_wconf 64' lang='lat' dir='ltr'><strong>conum</strong></span> <span class='ocrx_word' id='word_1_12' title='bbox 849 883 1103 924; x_wconf 77' lang='lat' dir='ltr'><strong>LlssRonUM</strong></span> <span class='ocrx_word' id='word_1_13' title='bbox 1133 883 1425 924; x_wconf 73' lang='lat' dir='ltr'><strong>PERloanE.</strong></span> 
     </span>
    </p>
   </div>
   <div class='ocr_carea' id='block_1_2' title="bbox 778 999 987 1033">
    <p class='ocr_par' dir='ltr' id='par_1_2' title="bbox 778 999 987 1033">
     <span class='ocr_line' id='line_1_3' title="bbox 778 999 987 1033; baseline 0 -1"><span class='ocrx_word' id='word_1_14' title='bbox 778 1000 842 1032; x_wconf 85' lang='lat' dir='ltr'><strong>EX</strong></span> <span class='ocrx_word' id='word_1_15' title='bbox 867 1000 945 1033; x_wconf 89' lang='lat' dir='ltr'>LIB.</span> <span class='ocrx_word' id='word_1_16' title='bbox 964 999 987 1032; x_wconf 92' lang='lat' dir='ltr'>I.</span> 
     </span>
    </p>
   </div>
   <div class='ocr_carea' id='block_1_3' title="bbox 179 1055 1597 2653">
    <p class='ocr_par' dir='ltr' id='par_1_3' title="bbox 179 1055 1593 1740">
     <span class='ocr_line' id='line_1_4' title="bbox 269 1055 1588 1099; baseline -0.003 -7"><span class='ocrx_word' id='word_1_17' title='bbox 269 1059 292 1092; x_wconf 90' lang='lat' dir='ltr'><strong>l.</strong></span> <span class='ocrx_word' id='word_1_18' title='bbox 319 1060 491 1093; x_wconf 79' lang='lat' dir='ltr'><strong>Adventus</strong></span> <span class='ocrx_word' id='word_1_19' title='bbox 511 1058 645 1091; x_wconf 83' lang='lat' dir='ltr'><strong>Aeneae</strong></span> <span class='ocrx_word' id='word_1_20' title='bbox 668 1058 703 1090; x_wconf 88' lang='lat' dir='ltr'><strong>in</strong></span> <span class='ocrx_word' id='word_1_21' title='bbox 728 1058 859 1090; x_wconf 88' lang='lat' dir='ltr'><strong>Italiam</strong></span> <span class='ocrx_word' id='word_1_22' title='bbox 880 1063 913 1090; x_wconf 89' lang='lat' dir='ltr'><strong>et</strong></span> <span class='ocrx_word' id='word_1_23' title='bbox 936 1069 990 1090; x_wconf 87' lang='lat' dir='ltr'><strong>res</strong></span> <span class='ocrx_word' id='word_1_24' title='bbox 1016 1062 1142 1098; x_wconf 84' lang='lat' dir='ltr'><strong>gestae.</strong></span> <span class='ocrx_word' id='word_1_25' title='bbox 1169 1057 1294 1089; x_wconf 84' lang='lat' dir='ltr'><strong>Ascani</strong></span> <span class='ocrx_word' id='word_1_26' title='bbox 1318 1067 1455 1099; x_wconf 85' lang='lat' dir='ltr'><strong>regnum</strong></span> <span class='ocrx_word' id='word_1_27' title='bbox 1482 1055 1588 1088; x_wconf 84' lang='lat' dir='ltr'>Albae</span> 
     </span>
     <span class='ocr_line' id='line_1_5' title="bbox 179 1101 1589 1147; baseline -0.003 -9"><span class='ocrx_word' id='word_1_28' title='bbox 179 1111 213 1139; x_wconf 89' lang='lat' dir='ltr'><strong>et</strong></span> <span class='ocrx_word' id='word_1_29' title='bbox 230 1105 316 1138; x_wconf 88' lang='lat' dir='ltr'><strong>Silvi</strong></span> <span class='ocrx_word' id='word_1_30' title='bbox 334 1110 366 1137; x_wconf 90' lang='lat' dir='ltr'><strong>et</strong></span> <span class='ocrx_word' id='word_1_31' title='bbox 383 1105 539 1147; x_wconf 83' lang='lat' dir='ltr'><strong>deinceps</strong></span> <span class='ocrx_word' id='word_1_32' title='bbox 555 1105 750 1136; x_wconf 85' lang='lat' dir='ltr'><strong>Silviorum.</strong></span> <span class='ocrx_word' id='word_1_33' title='bbox 778 1104 962 1137; x_wconf 78' lang='lat' dir='ltr'><strong>Numitoris</strong></span> <span class='ocrx_word' id='word_1_34' title='bbox 981 1104 1051 1136; x_wconf 88' lang='lat' dir='ltr'><strong>filia</strong></span> <span class='ocrx_word' id='word_1_35' title='bbox 1069 1113 1087 1135; x_wconf 85' lang='lat' dir='ltr'><strong>a</strong></span> <span class='ocrx_word' id='word_1_36' title='bbox 1101 1103 1210 1135; x_wconf 85' lang='lat' dir='ltr'><strong>Marte</strong></span> <span class='ocrx_word' id='word_1_37' title='bbox 1228 1113 1429 1145; x_wconf 87' lang='lat' dir='ltr'><strong>compressa,</strong></span> <span class='ocrx_word' id='word_1_38' title='bbox 1447 1101 1589 1135; x_wconf 85' lang='lat' dir='ltr'><strong>natiRo-</strong></span> 
     </span>
     <span class='ocr_line' id='line_1_6' title="bbox 179 1148 1589 1184; baseline -0.003 -1"><span class='ocrx_word' id='word_1_39' title='bbox 179 1153 288 1184; x_wconf 91' lang='lat' dir='ltr'><strong>mulus</strong></span> <span class='ocrx_word' id='word_1_40' title='bbox 307 1156 341 1184; x_wconf 89' lang='lat' dir='ltr'><strong>et</strong></span> <span class='ocrx_word' id='word_1_41' title='bbox 358 1151 490 1183; x_wconf 80' lang='lat' dir='ltr'><strong>Remus.</strong></span> <span class='ocrx_word' id='word_1_42' title='bbox 516 1150 669 1182; x_wconf 84' lang='lat' dir='ltr'><strong>Amulius</strong></span> <span class='ocrx_word' id='word_1_43' title='bbox 699 1151 926 1182; x_wconf 79' lang='lat' dir='ltr'><strong>obtruncatus.</strong></span> <span class='ocrx_word' id='word_1_44' title='bbox 963 1151 1042 1181; x_wconf 89' lang='lat' dir='ltr'><strong>urbs</strong></span> <span class='ocrx_word' id='word_1_45' title='bbox 1076 1160 1094 1180; x_wconf 87' lang='lat' dir='ltr'><strong>a</strong></span> <span class='ocrx_word' id='word_1_46' title='bbox 1124 1148 1261 1181; x_wconf 87' lang='lat' dir='ltr'><strong>Romulo</strong></span> <span class='ocrx_word' id='word_1_47' title='bbox 1280 1149 1425 1181; x_wconf 85' lang='lat' dir='ltr'><strong>condita.</strong></span> <span class='ocrx_word' id='word_1_48' title='bbox 1453 1152 1589 1180; x_wconf 89' lang='lat' dir='ltr'><strong>senatus</strong></span> 
     </span>
     <span class='ocr_line' id='line_1_7' title="bbox 179 1192 1588 1238; baseline -0.004 -8"><span class='ocrx_word' id='word_1_49' title='bbox 179 1199 299 1230; x_wconf 88' lang='lat' dir='ltr'><strong>lectus.</strong></span> <span class='ocrx_word' id='word_1_50' title='bbox 325 1207 396 1228; x_wconf 88' lang='lat' dir='ltr'><strong>cum</strong></span> <span class='ocrx_word' id='word_1_51' title='bbox 429 1195 564 1228; x_wconf 79' lang='lat' dir='ltr'><strong>Sabinis</strong></span> <span class='ocrx_word' id='word_1_52' title='bbox 584 1196 753 1227; x_wconf 78' lang='lat' dir='ltr'><strong>bellatum.</strong></span> <span class='ocrx_word' id='word_1_53' title='bbox 781 1196 889 1238; x_wconf 89' lang='lat' dir='ltr'><strong>spolia</strong></span> <span class='ocrx_word' id='word_1_54' title='bbox 914 1196 1020 1237; x_wconf 88' lang='lat' dir='ltr'><strong>opima</strong></span> <span class='ocrx_word' id='word_1_55' title='bbox 1038 1194 1189 1229; x_wconf 86' lang='lat' dir='ltr'><strong>Feretrio</strong></span> <span class='ocrx_word' id='word_1_56' title='bbox 1221 1194 1291 1226; x_wconf 91' lang='lat' dir='ltr'><strong>Iovi</strong></span> <span class='ocrx_word' id='word_1_57' title='bbox 1316 1195 1395 1226; x_wconf 87' lang='lat' dir='ltr'><strong>lata.</strong></span> <span class='ocrx_word' id='word_1_58' title='bbox 1423 1195 1455 1225; x_wconf 88' lang='lat' dir='ltr'><strong>in</strong></span> <span class='ocrx_word' id='word_1_59' title='bbox 1475 1192 1588 1225; x_wconf 85' lang='lat' dir='ltr'><strong>curias</strong></span> 
     </span>
     <span class='ocr_line' id='line_1_8' title="bbox 181 1238 1592 1287; baseline -0.004 -13"><span class='ocrx_word' id='word_1_60' title='bbox 181 1244 322 1287; x_wconf 92' lang='lat' dir='ltr'><strong>populus</strong></span> <span class='ocrx_word' id='word_1_61' title='bbox 340 1242 480 1274; x_wconf 87' lang='lat' dir='ltr'><strong>divisus.</strong></span> <span class='ocrx_word' id='word_1_62' title='bbox 517 1241 707 1281; x_wconf 77' lang='lat' dir='ltr'><strong>Fidenates,</strong></span> <span class='ocrx_word' id='word_1_63' title='bbox 728 1241 886 1274; x_wconf 78' lang='lat' dir='ltr'><strong>Veientes</strong></span> <span class='ocrx_word' id='word_1_64' title='bbox 910 1241 1004 1273; x_wconf 89' lang='lat' dir='ltr'><strong>victi.</strong></span> <span class='ocrx_word' id='word_1_65' title='bbox 1040 1240 1199 1272; x_wconf 85' lang='lat' dir='ltr'><strong>Romulus</strong></span> <span class='ocrx_word' id='word_1_66' title='bbox 1225 1244 1452 1283; x_wconf 72' lang='lat' dir='ltr'><strong>consecratus.</strong></span> <span class='ocrx_word' id='word_1_67' title='bbox 1485 1238 1592 1272; x_wconf 83' lang='lat' dir='ltr'><strong>Numa</strong></span> 
     </span>
     <span class='ocr_line' id='line_1_9' title="bbox 181 1284 1589 1331; baseline -0.004 -11"><span class='ocrx_word' id='word_1_68' title='bbox 181 1289 362 1331; x_wconf 86' lang='lat' dir='ltr'><strong>Pompilius</strong></span> <span class='ocrx_word' id='word_1_69' title='bbox 392 1288 480 1319; x_wconf 89' lang='lat' dir='ltr'><strong>ritus</strong></span> <span class='ocrx_word' id='word_1_70' title='bbox 507 1297 679 1319; x_wconf 83' lang='lat' dir='ltr'><strong>sacrorum</strong></span> <span class='ocrx_word' id='word_1_71' title='bbox 704 1287 855 1318; x_wconf 80' lang='lat' dir='ltr'><strong>tradidit.</strong></span> <span class='ocrx_word' id='word_1_72' title='bbox 888 1291 983 1328; x_wconf 87' lang='lat' dir='ltr'><strong>porta</strong></span> <span class='ocrx_word' id='word_1_73' title='bbox 1015 1285 1085 1318; x_wconf 92' lang='lat' dir='ltr'><strong>Iani</strong></span> <span class='ocrx_word' id='word_1_74' title='bbox 1110 1286 1236 1318; x_wconf 84' lang='lat' dir='ltr'><strong>clausa.</strong></span> <span class='ocrx_word' id='word_1_75' title='bbox 1269 1285 1389 1317; x_wconf 90' lang='lat' dir='ltr'><strong>Tullus</strong></span> <span class='ocrx_word' id='word_1_76' title='bbox 1422 1284 1589 1316; x_wconf 87' lang='lat' dir='ltr'><strong>Hostilius</strong></span> 
     </span>
     <span class='ocr_line' id='line_1_10' title="bbox 181 1329 1590 1375; baseline -0.004 -9"><span class='ocrx_word' id='word_1_77' title='bbox 181 1334 330 1366; x_wconf 90' lang='lat' dir='ltr'><strong>Albanos</strong></span> <span class='ocrx_word' id='word_1_78' title='bbox 358 1333 510 1375; x_wconf 81' lang='lat' dir='ltr'><strong>diripuit.</strong></span> <span class='ocrx_word' id='word_1_79' title='bbox 539 1332 792 1373; x_wconf 80' lang='lat' dir='ltr'><strong>trigeminorum</strong></span> <span class='ocrx_word' id='word_1_80' title='bbox 822 1342 939 1375; x_wconf 68' lang='lat' dir='ltr'><strong>pugna„</strong></span> <span class='ocrx_word' id='word_1_81' title='bbox 978 1332 1076 1364; x_wconf 85' lang='lat' dir='ltr'><strong>Metti</strong></span> <span class='ocrx_word' id='word_1_82' title='bbox 1100 1329 1212 1363; x_wconf 80' lang='lat' dir='ltr'><strong>Fufeti</strong></span> <span class='ocrx_word' id='word_1_83' title='bbox 1238 1331 1445 1373; x_wconf 83' lang='lat' dir='ltr'><strong>supplicium.</strong></span> <span class='ocrx_word' id='word_1_84' title='bbox 1470 1329 1590 1362; x_wconf 89' lang='lat' dir='ltr'><strong>Tullus</strong></span> 
     </span>
     <span class='ocr_line' id='line_1_11' title="bbox 181 1375 1590 1420; baseline -0.004 -8"><span class='ocrx_word' id='word_1_85' title='bbox 181 1379 321 1412; x_wconf 81' lang='lat' dir='ltr'><strong>fulmine</strong></span> <span class='ocrx_word' id='word_1_86' title='bbox 361 1383 588 1420; x_wconf 89' lang='lat' dir='ltr'><strong>consumptus.</strong></span> <span class='ocrx_word' id='word_1_87' title='bbox 627 1378 739 1409; x_wconf 81' lang='lat' dir='ltr'><strong>Ancus</strong></span> <span class='ocrx_word' id='word_1_88' title='bbox 765 1378 908 1410; x_wconf 86' lang='lat' dir='ltr'><strong>Martius</strong></span> <span class='ocrx_word' id='word_1_89' title='bbox 943 1377 1081 1409; x_wconf 85' lang='lat' dir='ltr'><strong>Latinos</strong></span> <span class='ocrx_word' id='word_1_90' title='bbox 1107 1376 1246 1413; x_wconf 82' lang='lat' dir='ltr'><strong>devicit,</strong></span> <span class='ocrx_word' id='word_1_91' title='bbox 1278 1376 1406 1408; x_wconf 83' lang='lat' dir='ltr'><strong>Ostiam</strong></span> <span class='ocrx_word' id='word_1_92' title='bbox 1432 1375 1590 1408; x_wconf 84' lang='lat' dir='ltr'><strong>condidit.</strong></span> 
     </span>
     <span class='ocr_line' id='line_1_12' title="bbox 180 1421 1590 1467; baseline -0.004 -10"><span class='ocrx_word' id='word_1_93' title='bbox 180 1425 384 1467; x_wconf 81' lang='lat' dir='ltr'><strong>Tarquinius</strong></span> <span class='ocrx_word' id='word_1_94' title='bbox 404 1424 539 1456; x_wconf 82' lang='lat' dir='ltr'><strong>Priscus</strong></span> <span class='ocrx_word' id='word_1_95' title='bbox 550 1424 688 1456; x_wconf 85' lang='lat' dir='ltr'><strong>Latinos</strong></span> <span class='ocrx_word' id='word_1_96' title='bbox 707 1424 892 1467; x_wconf 81' lang='lat' dir='ltr'><strong>superavit,</strong></span> <span class='ocrx_word' id='word_1_97' title='bbox 911 1423 1034 1455; x_wconf 87' lang='lat' dir='ltr'><strong>circum</strong></span> <span class='ocrx_word' id='word_1_98' title='bbox 1053 1422 1144 1463; x_wconf 86' lang='lat' dir='ltr'><strong>fecit,</strong></span> <span class='ocrx_word' id='word_1_99' title='bbox 1163 1422 1320 1454; x_wconf 91' lang='lat' dir='ltr'><strong>finitimos</strong></span> <span class='ocrx_word' id='word_1_100' title='bbox 1329 1421 1465 1461; x_wconf 85' lang='lat' dir='ltr'><strong>devicit,</strong></span> <span class='ocrx_word' id='word_1_101' title='bbox 1479 1430 1590 1452; x_wconf 86' lang='lat' dir='ltr'><strong>muros</strong></span> 
     </span>
     <span class='ocr_line' id='line_1_13' title="bbox 182 1466 1590 1511; baseline -0.005 -8"><span class='ocrx_word' id='word_1_102' title='bbox 182 1476 215 1503; x_wconf 90' lang='lat' dir='ltr'><strong>et</strong></span> <span class='ocrx_word' id='word_1_103' title='bbox 233 1472 366 1502; x_wconf 77' lang='lat' dir='ltr'><strong>cloacas</strong></span> <span class='ocrx_word' id='word_1_104' title='bbox 383 1469 476 1502; x_wconf 86' lang='lat' dir='ltr'><strong>fecit.</strong></span> <span class='ocrx_word' id='word_1_105' title='bbox 503 1469 620 1501; x_wconf 88' lang='lat' dir='ltr'><strong>Servio</strong></span> <span class='ocrx_word' id='word_1_106' title='bbox 631 1469 744 1501; x_wconf 91' lang='lat' dir='ltr'><strong>Tullio</strong></span> <span class='ocrx_word' id='word_1_107' title='bbox 763 1474 862 1511; x_wconf 87' lang='lat' dir='ltr'><strong>caput</strong></span> <span class='ocrx_word' id='word_1_108' title='bbox 879 1469 976 1500; x_wconf 83' lang='lat' dir='ltr'><strong>arsit.</strong></span> <span class='ocrx_word' id='word_1_109' title='bbox 1005 1468 1143 1500; x_wconf 85' lang='lat' dir='ltr'><strong>Servius</strong></span> <span class='ocrx_word' id='word_1_110' title='bbox 1153 1466 1285 1499; x_wconf 92' lang='lat' dir='ltr'><strong>Tullius</strong></span> <span class='ocrx_word' id='word_1_111' title='bbox 1297 1467 1457 1500; x_wconf 82' lang='lat' dir='ltr'><strong>Veientes</strong></span> <span class='ocrx_word' id='word_1_112' title='bbox 1467 1466 1590 1498; x_wconf 85' lang='lat' dir='ltr'><strong>devicit</strong></span> 
     </span>
     <span class='ocr_line' id='line_1_14' title="bbox 183 1511 1590 1559; baseline -0.004 -11"><span class='ocrx_word' id='word_1_113' title='bbox 183 1522 215 1549; x_wconf 89' lang='lat' dir='ltr'><strong>et</strong></span> <span class='ocrx_word' id='word_1_114' title='bbox 233 1517 385 1559; x_wconf 88' lang='lat' dir='ltr'><strong>populum</strong></span> <span class='ocrx_word' id='word_1_115' title='bbox 404 1516 437 1547; x_wconf 95' lang='lat' dir='ltr'><strong>in</strong></span> <span class='ocrx_word' id='word_1_116' title='bbox 455 1516 581 1548; x_wconf 88' lang='lat' dir='ltr'><strong>classes</strong></span> <span class='ocrx_word' id='word_1_117' title='bbox 600 1514 852 1555; x_wconf 83' lang='lat' dir='ltr'><strong>divisit,aedem</strong></span> <span class='ocrx_word' id='word_1_118' title='bbox 866 1514 989 1546; x_wconf 88' lang='lat' dir='ltr'><strong>Dianae</strong></span> <span class='ocrx_word' id='word_1_119' title='bbox 1008 1513 1186 1546; x_wconf 82' lang='lat' dir='ltr'><strong>dedicavit.</strong></span> <span class='ocrx_word' id='word_1_120' title='bbox 1204 1512 1409 1555; x_wconf 87' lang='lat' dir='ltr'><strong>Tarquinius</strong></span> <span class='ocrx_word' id='word_1_121' title='bbox 1423 1511 1590 1554; x_wconf 78' lang='lat' dir='ltr'><strong>Superbus</strong></span> 
     </span>
     <span class='ocr_line' id='line_1_15' title="bbox 183 1557 1591 1601; baseline -0.004 -7"><span class='ocrx_word' id='word_1_122' title='bbox 183 1563 292 1594; x_wconf 87' lang='lat' dir='ltr'><strong>occiso</strong></span> <span class='ocrx_word' id='word_1_123' title='bbox 311 1562 425 1594; x_wconf 89' lang='lat' dir='ltr'><strong>Tullio</strong></span> <span class='ocrx_word' id='word_1_124' title='bbox 444 1571 578 1601; x_wconf 85' lang='lat' dir='ltr'><strong>regnum</strong></span> <span class='ocrx_word' id='word_1_125' title='bbox 607 1560 743 1594; x_wconf 73' lang='lat' dir='ltr'><strong>invasit.</strong></span> <span class='ocrx_word' id='word_1_126' title='bbox 758 1560 893 1592; x_wconf 79' lang='lat' dir='ltr'><strong>&#39;Pulliae</strong></span> <span class='ocrx_word' id='word_1_127' title='bbox 911 1559 1022 1592; x_wconf 85' lang='lat' dir='ltr'><strong>scelus</strong></span> <span class='ocrx_word' id='word_1_128' title='bbox 1037 1559 1068 1590; x_wconf 91' lang='lat' dir='ltr'><strong>iu</strong></span> <span class='ocrx_word' id='word_1_129' title='bbox 1088 1563 1226 1600; x_wconf 84' lang='lat' dir='ltr'><strong>patrem.</strong></span> <span class='ocrx_word' id='word_1_130' title='bbox 1253 1558 1384 1590; x_wconf 88' lang='lat' dir='ltr'><strong>Turnus</strong></span> <span class='ocrx_word' id='word_1_131' title='bbox 1402 1557 1591 1590; x_wconf 88' lang='lat' dir='ltr'><strong>Herdonius</strong></span> 
     </span>
     <span class='ocr_line' id='line_1_16' title="bbox 182 1601 1592 1651; baseline -0.005 -11"><span class='ocrx_word' id='word_1_132' title='bbox 182 1619 242 1651; x_wconf 87' lang='lat' dir='ltr'><strong>per</strong></span> <span class='ocrx_word' id='word_1_133' title='bbox 258 1608 475 1649; x_wconf 84' lang='lat' dir='ltr'><strong>Tarquinium</strong></span> <span class='ocrx_word' id='word_1_134' title='bbox 495 1607 634 1638; x_wconf 88' lang='lat' dir='ltr'><strong>occisus.</strong></span> <span class='ocrx_word' id='word_1_135' title='bbox 668 1605 788 1638; x_wconf 89' lang='lat' dir='ltr'><strong>bellum</strong></span> <span class='ocrx_word' id='word_1_136' title='bbox 809 1616 881 1637; x_wconf 87' lang='lat' dir='ltr'><strong>cum</strong></span> <span class='ocrx_word' id='word_1_137' title='bbox 900 1605 1048 1638; x_wconf 79' lang='lat' dir='ltr'><strong>Vulscis.</strong></span> <span class='ocrx_word' id='word_1_138' title='bbox 1074 1603 1190 1636; x_wconf 83' lang='lat' dir='ltr'><strong>fraude</strong></span> <span class='ocrx_word' id='word_1_139' title='bbox 1207 1604 1284 1636; x_wconf 76' lang='lat' dir='ltr'><strong>Sex.</strong></span> <span class='ocrx_word' id='word_1_140' title='bbox 1310 1603 1473 1646; x_wconf 90' lang='lat' dir='ltr'><strong>Tarquini</strong></span> <span class='ocrx_word' id='word_1_141' title='bbox 1492 1601 1592 1634; x_wconf 88' lang='lat' dir='ltr'><strong>Gabii</strong></span> 
     </span>
     <span class='ocr_line' id='line_1_17' title="bbox 183 1650 1593 1696; baseline -0.004 -11"><span class='ocrx_word' id='word_1_142' title='bbox 183 1654 320 1696; x_wconf 82' lang='lat' dir='ltr'><strong>direpti.</strong></span> <span class='ocrx_word' id='word_1_143' title='bbox 347 1653 547 1695; x_wconf 89' lang='lat' dir='ltr'><strong>Capitolium</strong></span> <span class='ocrx_word' id='word_1_144' title='bbox 561 1653 761 1684; x_wconf 81' lang='lat' dir='ltr'><strong>inchoatum.</strong></span> <span class='ocrx_word' id='word_1_145' title='bbox 787 1651 939 1683; x_wconf 91' lang='lat' dir='ltr'><strong>Termini</strong></span> <span class='ocrx_word' id='word_1_146' title='bbox 958 1655 991 1683; x_wconf 90' lang='lat' dir='ltr'><strong>et</strong></span> <span class='ocrx_word' id='word_1_147' title='bbox 1004 1650 1161 1682; x_wconf 86' lang='lat' dir='ltr'><strong>Iuventae</strong></span> <span class='ocrx_word' id='word_1_148' title='bbox 1180 1659 1259 1681; x_wconf 87' lang='lat' dir='ltr'><strong>arae</strong></span> <span class='ocrx_word' id='word_1_149' title='bbox 1273 1650 1402 1682; x_wconf 90' lang='lat' dir='ltr'><strong>moveri</strong></span> <span class='ocrx_word' id='word_1_150' title='bbox 1418 1660 1482 1680; x_wconf 88' lang='lat' dir='ltr'><strong>non</strong></span> <span class='ocrx_word' id='word_1_151' title='bbox 1498 1652 1593 1691; x_wconf 90' lang='lat' dir='ltr'><strong>potu-</strong></span> 
     </span>
     <span class='ocr_line' id='line_1_18' title="bbox 185 1693 1559 1740; baseline -0.004 -10"><span class='ocrx_word' id='word_1_152' title='bbox 185 1703 292 1732; x_wconf 87' lang='lat' dir='ltr'><strong>erunt.</strong></span> <span class='ocrx_word' id='word_1_153' title='bbox 322 1699 481 1731; x_wconf 86' lang='lat' dir='ltr'><strong>Lucretia</strong></span> <span class='ocrx_word' id='word_1_154' title='bbox 499 1709 535 1730; x_wconf 88' lang='lat' dir='ltr'><strong>se</strong></span> <span class='ocrx_word' id='word_1_155' title='bbox 553 1698 688 1730; x_wconf 85' lang='lat' dir='ltr'><strong>occidit.</strong></span> <span class='ocrx_word' id='word_1_156' title='bbox 716 1697 857 1740; x_wconf 88' lang='lat' dir='ltr'><strong>Superbi</strong></span> <span class='ocrx_word' id='word_1_157' title='bbox 876 1697 1041 1739; x_wconf 76' lang='lat' dir='ltr'><strong>expulsi0.</strong></span> <span class='ocrx_word' id='word_1_158' title='bbox 1069 1701 1241 1737; x_wconf 86' lang='lat' dir='ltr'><strong>regnatum</strong></span> <span class='ocrx_word' id='word_1_159' title='bbox 1256 1700 1307 1727; x_wconf 90' lang='lat' dir='ltr'><strong>est</strong></span> <span class='ocrx_word' id='word_1_160' title='bbox 1323 1695 1419 1727; x_wconf 88' lang='lat' dir='ltr'><strong>annis</strong></span> <span class='ocrx_word' id='word_1_161' title='bbox 1438 1693 1559 1727; x_wconf 92' lang='lat' dir='ltr'>CCLV.</span> 
     </span>
    </p>

    <p class='ocr_par' dir='ltr' id='par_1_4' title="bbox 184 1738 1593 1878">
     <span class='ocr_line' id='line_1_19' title="bbox 275 1738 1593 1785; baseline -0.005 -9"><span class='ocrx_word' id='word_1_162' title='bbox 275 1744 311 1776; x_wconf 88' lang='lat' dir='ltr'><strong>II.</strong></span> <span class='ocrx_word' id='word_1_163' title='bbox 352 1744 414 1776; x_wconf 86' lang='lat' dir='ltr'><strong>Ein</strong></span> <span class='ocrx_word' id='word_1_164' title='bbox 441 1745 600 1785; x_wconf 72' lang='lat' dir='ltr'><strong>liingerer</strong></span> <span class='ocrx_word' id='word_1_165' title='bbox 626 1743 773 1785; x_wconf 83' lang='lat' dir='ltr'><strong>Auszug‚</strong></span> <span class='ocrx_word' id='word_1_166' title='bbox 799 1744 858 1775; x_wconf 89' lang='lat' dir='ltr'><strong>dcr</strong></span> <span class='ocrx_word' id='word_1_167' title='bbox 883 1742 956 1774; x_wconf 87' lang='lat' dir='ltr'><strong>sich</strong></span> <span class='ocrx_word' id='word_1_168' title='bbox 982 1742 1012 1773; x_wconf 92' lang='lat' dir='ltr'><strong>in</strong></span> <span class='ocrx_word' id='word_1_169' title='bbox 1040 1742 1099 1773; x_wconf 89' lang='lat' dir='ltr'><strong>der</strong></span> <span class='ocrx_word' id='word_1_170' title='bbox 1123 1742 1265 1773; x_wconf 74' lang='lat' dir='ltr'><strong>‘altesten</strong></span> <span class='ocrx_word' id='word_1_171' title='bbox 1291 1738 1509 1773; x_wconf 85' lang='lat' dir='ltr'><strong>Handschrift</strong></span> <span class='ocrx_word' id='word_1_172' title='bbox 1534 1740 1593 1771; x_wconf 89' lang='lat' dir='ltr'><strong>der</strong></span> 
     </span>
     <span class='ocr_line' id='line_1_20' title="bbox 184 1785 1591 1831; baseline -0.004 -9"><span class='ocrx_word' id='word_1_173' title='bbox 184 1790 365 1822; x_wconf 87' lang='lat' dir='ltr'><strong>Periochae</strong></span> <span class='ocrx_word' id='word_1_174' title='bbox 391 1791 508 1831; x_wconf 87' lang='lat' dir='ltr'><strong>findet,</strong></span> <span class='ocrx_word' id='word_1_175' title='bbox 550 1790 583 1821; x_wconf 93' lang='lat' dir='ltr'><strong>in</strong></span> <span class='ocrx_word' id='word_1_176' title='bbox 611 1790 752 1821; x_wconf 78' lang='lat' dir='ltr'><strong>welcher</strong></span> <span class='ocrx_word' id='word_1_177' title='bbox 773 1788 895 1829; x_wconf 86' lang='lat' dir='ltr'><strong>jedoch</strong></span> <span class='ocrx_word' id='word_1_178' title='bbox 920 1789 972 1820; x_wconf 81' lang='grc' dir='ltr'><strong>Ιιίο</strong></span> <span class='ocrx_word' id='word_1_179' title='bbox 998 1787 1210 1831; x_wconf 71' lang='lat' dir='ltr'><strong>temptandae</strong></span> <span class='ocrx_word' id='word_1_180' title='bbox 1236 1807 1264 1811; x_wconf 88' lang='lat'><strong>-—</strong></span> <span class='ocrx_word' id='word_1_181' title='bbox 1285 1788 1438 1830; x_wconf 71' lang='lat' dir='ltr'><strong>protinus</strong></span> <span class='ocrx_word' id='word_1_182' title='bbox 1460 1785 1591 1828; x_wconf 76' lang='lat' dir='ltr'><strong>factam</strong></span> 
     </span>
     <span class='ocr_line' id='line_1_21' title="bbox 185 1834 808 1878; baseline -0.003 -10"><span class='ocrx_word' id='word_1_183' title='bbox 185 1847 248 1869; x_wconf 82' lang='lat' dir='ltr'><strong>vor</strong></span> <span class='ocrx_word' id='word_1_184' title='bbox 263 1838 419 1878; x_wconf 71' lang='lat' dir='ltr'><strong>regnavit</strong></span> <span class='ocrx_word' id='word_1_185' title='bbox 435 1837 535 1868; x_wconf 71' lang='lat' dir='ltr'><strong>almis</strong></span> <span class='ocrx_word' id='word_1_186' title='bbox 553 1834 694 1867; x_wconf 77' lang='lat' dir='ltr'><em>XXIIII</em></span> <span class='ocrx_word' id='word_1_187' title='bbox 708 1835 808 1867; x_wconf 88' lang='lat' dir='ltr'><strong>steht.</strong></span> 
     </span>
    </p>

    <p class='ocr_par' dir='ltr' id='par_1_5' title="bbox 186 1876 1595 2369">
     <span class='ocr_line' id='line_1_22' title="bbox 276 1876 1593 1920; baseline -0.005 -6"><span class='ocrx_word' id='word_1_188' title='bbox 276 1882 409 1914; x_wconf 90' lang='lat' dir='ltr'><strong>Latinis</strong></span> <span class='ocrx_word' id='word_1_189' title='bbox 435 1882 536 1914; x_wconf 86' lang='lat' dir='ltr'><strong>victis</strong></span> <span class='ocrx_word' id='word_1_190' title='bbox 562 1886 705 1912; x_wconf 89' lang='lat' dir='ltr'><strong>montem</strong></span> <span class='ocrx_word' id='word_1_191' title='bbox 725 1880 925 1912; x_wconf 89' lang='lat' dir='ltr'><strong>Aventinum</strong></span> <span class='ocrx_word' id='word_1_192' title='bbox 944 1879 1148 1920; x_wconf 86' lang='lat' dir='ltr'><strong>adsignavit,</strong></span> <span class='ocrx_word' id='word_1_193' title='bbox 1167 1878 1250 1910; x_wconf 84' lang='lat' dir='ltr'><strong>fines</strong></span> <span class='ocrx_word' id='word_1_194' title='bbox 1268 1877 1421 1920; x_wconf 79' lang='lat' dir='ltr'><strong>protulit,</strong></span> <span class='ocrx_word' id='word_1_195' title='bbox 1442 1876 1593 1908; x_wconf 87' lang='lat' dir='ltr'><strong>Hostiam</strong></span> 
     </span>
     <span class='ocr_line' id='line_1_23' title="bbox 186 1921 1593 1963; baseline -0.004 -4"><span class='ocrx_word' id='word_1_196' title='bbox 186 1928 349 1960; x_wconf 87' lang='lat' dir='ltr'><strong>coloniam</strong></span> <span class='ocrx_word' id='word_1_197' title='bbox 368 1928 517 1959; x_wconf 76' lang='lat' dir='ltr'><strong>deduxit.</strong></span> <span class='ocrx_word' id='word_1_198' title='bbox 543 1927 767 1959; x_wconf 85' lang='lat' dir='ltr'><strong>caerimonias</strong></span> <span class='ocrx_word' id='word_1_199' title='bbox 785 1937 802 1957; x_wconf 88' lang='lat' dir='ltr'><strong>a</strong></span> <span class='ocrx_word' id='word_1_200' title='bbox 815 1925 918 1958; x_wconf 89' lang='lat' dir='ltr'><strong>Numa</strong></span> <span class='ocrx_word' id='word_1_201' title='bbox 931 1924 1102 1956; x_wconf 84' lang='lat' dir='ltr'><strong>institutas</strong></span> <span class='ocrx_word' id='word_1_202' title='bbox 1120 1925 1306 1956; x_wconf 87' lang='lat' dir='ltr'><strong>renovavit.</strong></span> <span class='ocrx_word' id='word_1_203' title='bbox 1328 1922 1484 1963; x_wconf 86' lang='lat' dir='ltr'><strong>regnavit</strong></span> <span class='ocrx_word' id='word_1_204' title='bbox 1497 1921 1593 1953; x_wconf 91' lang='lat' dir='ltr'><strong>annis</strong></span> 
     </span>
     <span class='ocr_line' id='line_1_24' title="bbox 189 1967 1594 2011; baseline -0.005 -6"><span class='ocrx_word' id='word_1_205' title='bbox 189 1972 323 2005; x_wconf 82' lang='lat' dir='ltr'>XXIIII.</span> <span class='ocrx_word' id='word_1_206' title='bbox 361 1972 506 2005; x_wconf 89' lang='lat' dir='ltr'><strong>Lucumo</strong></span> <span class='ocrx_word' id='word_1_207' title='bbox 527 1972 697 2004; x_wconf 89' lang='lat' dir='ltr'><strong>Demarati</strong></span> <span class='ocrx_word' id='word_1_208' title='bbox 717 1971 884 2003; x_wconf 84' lang='lat' dir='ltr'><strong>Corinthii</strong></span> <span class='ocrx_word' id='word_1_209' title='bbox 904 1970 992 2001; x_wconf 82' lang='lat' dir='ltr'><strong>filius</strong></span> <span class='ocrx_word' id='word_1_210' title='bbox 1011 1981 1028 2002; x_wconf 91' lang='lat' dir='ltr'><strong>a</strong></span> <span class='ocrx_word' id='word_1_211' title='bbox 1047 1969 1250 2011; x_wconf 86' lang='lat' dir='ltr'><strong>Tarquiniis,</strong></span> <span class='ocrx_word' id='word_1_212' title='bbox 1269 1969 1412 2000; x_wconf 87' lang='lat' dir='ltr'><strong>Etrusca</strong></span> <span class='ocrx_word' id='word_1_213' title='bbox 1440 1967 1594 2006; x_wconf 80' lang='lat' dir='ltr'><strong>civitate,</strong></span> 
     </span>
     <span class='ocr_line' id='line_1_25' title="bbox 188 2011 1594 2058; baseline -0.006 -7"><span class='ocrx_word' id='word_1_214' title='bbox 188 2019 320 2051; x_wconf 88' lang='lat' dir='ltr'><strong>Romam</strong></span> <span class='ocrx_word' id='word_1_215' title='bbox 340 2018 432 2051; x_wconf 79' lang='lat' dir='ltr'><strong>venit</strong></span> <span class='ocrx_word' id='word_1_216' title='bbox 451 2024 483 2050; x_wconf 87' lang='lat' dir='ltr'><strong>et</strong></span> <span class='ocrx_word' id='word_1_217' title='bbox 501 2019 534 2049; x_wconf 92' lang='lat' dir='ltr'><strong>in</strong></span> <span class='ocrx_word' id='word_1_218' title='bbox 552 2018 734 2049; x_wconf 83' lang='lat' dir='ltr'><strong>amicitiam</strong></span> <span class='ocrx_word' id='word_1_219' title='bbox 753 2016 837 2048; x_wconf 83' lang='lat' dir='ltr'><strong>Anci</strong></span> <span class='ocrx_word' id='word_1_220' title='bbox 865 2021 1020 2058; x_wconf 84' lang='lat' dir='ltr'><strong>receptus</strong></span> <span class='ocrx_word' id='word_1_221' title='bbox 1053 2014 1215 2057; x_wconf 89' lang='lat' dir='ltr'><strong>Tarquini</strong></span> <span class='ocrx_word' id='word_1_222' title='bbox 1242 2014 1350 2047; x_wconf 84' lang='lat' dir='ltr'><strong>Prisci</strong></span> <span class='ocrx_word' id='word_1_223' title='bbox 1368 2023 1485 2045; x_wconf 88' lang='lat' dir='ltr'><strong>nomen</strong></span> <span class='ocrx_word' id='word_1_224' title='bbox 1503 2011 1594 2045; x_wconf 87' lang='lat' dir='ltr'><strong>ferre</strong></span> 
     </span>
     <span class='ocr_line' id='line_1_26' title="bbox 188 2057 1595 2106; baseline -0.004 -11"><span class='ocrx_word' id='word_1_225' title='bbox 188 2064 299 2105; x_wconf 88' lang='lat' dir='ltr'><strong>coepit</strong></span> <span class='ocrx_word' id='word_1_226' title='bbox 318 2069 352 2096; x_wconf 84' lang='lat' dir='ltr'><strong>et</strong></span> <span class='ocrx_word' id='word_1_227' title='bbox 369 2069 443 2106; x_wconf 86' lang='lat' dir='ltr'><strong>post</strong></span> <span class='ocrx_word' id='word_1_228' title='bbox 460 2068 598 2095; x_wconf 84' lang='lat' dir='ltr'><strong>mortem</strong></span> <span class='ocrx_word' id='word_1_229' title='bbox 617 2063 698 2094; x_wconf 90' lang='lat' dir='ltr'><strong>Anci</strong></span> <span class='ocrx_word' id='word_1_230' title='bbox 717 2072 853 2103; x_wconf 82' lang='lat' dir='ltr'><strong>regnum</strong></span> <span class='ocrx_word' id='word_1_231' title='bbox 872 2061 1012 2103; x_wconf 75' lang='lat' dir='ltr'><strong>excepit.</strong></span> <span class='ocrx_word' id='word_1_232' title='bbox 1039 2065 1168 2093; x_wconf 90' lang='lat' dir='ltr'><strong>centum</strong></span> <span class='ocrx_word' id='word_1_233' title='bbox 1192 2061 1224 2092; x_wconf 91' lang='lat' dir='ltr'><strong>in</strong></span> <span class='ocrx_word' id='word_1_234' title='bbox 1252 2065 1365 2103; x_wconf 87' lang='lat' dir='ltr'><strong>patres</strong></span> <span class='ocrx_word' id='word_1_235' title='bbox 1383 2058 1512 2100; x_wconf 85' lang='lat' dir='ltr'><strong>allegit,</strong></span> <span class='ocrx_word' id='word_1_236' title='bbox 1532 2057 1595 2090; x_wconf 88' lang='lat' dir='ltr'><strong>La-</strong></span> 
     </span>
     <span class='ocr_line' id='line_1_27' title="bbox 188 2104 1595 2150; baseline -0.004 -9"><span class='ocrx_word' id='word_1_237' title='bbox 188 2109 277 2141; x_wconf 89' lang='lat' dir='ltr'><strong>tinos</strong></span> <span class='ocrx_word' id='word_1_238' title='bbox 304 2109 447 2150; x_wconf 81' lang='lat' dir='ltr'><strong>subegit,</strong></span> <span class='ocrx_word' id='word_1_239' title='bbox 473 2110 569 2140; x_wconf 89' lang='lat' dir='ltr'><strong>ludos</strong></span> <span class='ocrx_word' id='word_1_240' title='bbox 594 2109 628 2140; x_wconf 88' lang='lat' dir='ltr'><strong>in</strong></span> <span class='ocrx_word' id='word_1_241' title='bbox 655 2109 743 2139; x_wconf 87' lang='lat' dir='ltr'><strong>circo</strong></span> <span class='ocrx_word' id='word_1_242' title='bbox 770 2107 887 2147; x_wconf 87' lang='lat' dir='ltr'><strong>edidit,</strong></span> <span class='ocrx_word' id='word_1_243' title='bbox 913 2107 1060 2149; x_wconf 86' lang='lat' dir='ltr'><strong>equitum</strong></span> <span class='ocrx_word' id='word_1_244' title='bbox 1079 2106 1248 2138; x_wconf 86' lang='lat' dir='ltr'><strong>centurias</strong></span> <span class='ocrx_word' id='word_1_245' title='bbox 1274 2104 1463 2147; x_wconf 89' lang='lat' dir='ltr'><strong>ampliavit,</strong></span> <span class='ocrx_word' id='word_1_246' title='bbox 1481 2104 1595 2136; x_wconf 87' lang='lat' dir='ltr'><strong>urbem</strong></span> 
     </span>
     <span class='ocr_line' id='line_1_28' title="bbox 190 2151 1595 2194; baseline -0.004 -8"><span class='ocrx_word' id='word_1_247' title='bbox 190 2165 283 2187; x_wconf 87' lang='lat' dir='ltr'><strong>muro</strong></span> <span class='ocrx_word' id='word_1_248' title='bbox 309 2155 541 2194; x_wconf 86' lang='lat' dir='ltr'><strong>circumdedit,</strong></span> <span class='ocrx_word' id='word_1_249' title='bbox 570 2154 703 2185; x_wconf 84' lang='lat' dir='ltr'><strong>cloacas</strong></span> <span class='ocrx_word' id='word_1_250' title='bbox 722 2152 810 2185; x_wconf 83' lang='lat' dir='ltr'><strong>fecit.</strong></span> <span class='ocrx_word' id='word_1_251' title='bbox 839 2152 971 2184; x_wconf 89' lang='lat' dir='ltr'><strong>occisus</strong></span> <span class='ocrx_word' id='word_1_252' title='bbox 990 2157 1041 2184; x_wconf 90' lang='lat' dir='ltr'><strong>est</strong></span> <span class='ocrx_word' id='word_1_253' title='bbox 1059 2152 1099 2184; x_wconf 90' lang='lat' dir='ltr'><strong>ab</strong></span> <span class='ocrx_word' id='word_1_254' title='bbox 1117 2152 1203 2183; x_wconf 87' lang='lat' dir='ltr'><strong>Anci</strong></span> <span class='ocrx_word' id='word_1_255' title='bbox 1221 2151 1311 2192; x_wconf 85' lang='lat' dir='ltr'><strong>filiis,</strong></span> <span class='ocrx_word' id='word_1_256' title='bbox 1329 2161 1401 2182; x_wconf 92' lang='lat' dir='ltr'><strong>cum</strong></span> <span class='ocrx_word' id='word_1_257' title='bbox 1420 2153 1595 2191; x_wconf 84' lang='lat' dir='ltr'><strong>regnasset</strong></span> 
     </span>
     <span class='ocr_line' id='line_1_29' title="bbox 190 2194 1595 2241; baseline -0.004 -10"><span class='ocrx_word' id='word_1_258' title='bbox 190 2200 286 2232; x_wconf 88' lang='lat' dir='ltr'><strong>annis</strong></span> <span class='ocrx_word' id='word_1_259' title='bbox 304 2199 496 2233; x_wconf 85' lang='lat' dir='ltr'>XXXVIII.</span> <span class='ocrx_word' id='word_1_260' title='bbox 523 2199 576 2231; x_wconf 91' lang='lat' dir='ltr'><strong>hic</strong></span> <span class='ocrx_word' id='word_1_261' title='bbox 599 2199 810 2241; x_wconf 82' lang='lat' dir='ltr'><strong>temptandae</strong></span> <span class='ocrx_word' id='word_1_262' title='bbox 831 2198 992 2230; x_wconf 87' lang='lat' dir='ltr'><strong>scientiae</strong></span> <span class='ocrx_word' id='word_1_263' title='bbox 1018 2197 1091 2229; x_wconf 78' lang='lat' dir='ltr'><strong>Atti</strong></span> <span class='ocrx_word' id='word_1_264' title='bbox 1109 2198 1194 2230; x_wconf 87' lang='lat' dir='ltr'><strong>Navi</strong></span> <span class='ocrx_word' id='word_1_265' title='bbox 1214 2196 1350 2238; x_wconf 81' lang='lat' dir='ltr'><strong>auguris</strong></span> <span class='ocrx_word' id='word_1_266' title='bbox 1368 2205 1469 2228; x_wconf 84' lang='lat' dir='ltr'><strong>causa</strong></span> <span class='ocrx_word' id='word_1_267' title='bbox 1486 2194 1595 2227; x_wconf 86' lang='lat' dir='ltr'><strong>fertur</strong></span> 
     </span>
     <span class='ocr_line' id='line_1_30' title="bbox 190 2240 1593 2286; baseline -0.004 -8"><span class='ocrx_word' id='word_1_268' title='bbox 190 2246 401 2278; x_wconf 86' lang='lat' dir='ltr'><strong>consuluisse</strong></span> <span class='ocrx_word' id='word_1_269' title='bbox 427 2256 510 2284; x_wconf 85' lang='lat' dir='ltr'><strong>eum,</strong></span> <span class='ocrx_word' id='word_1_270' title='bbox 536 2255 575 2276; x_wconf 90' lang='lat' dir='ltr'><strong>an</strong></span> <span class='ocrx_word' id='word_1_271' title='bbox 594 2245 638 2285; x_wconf 86' lang='lat' dir='ltr'><strong>id,</strong></span> <span class='ocrx_word' id='word_1_272' title='bbox 656 2245 694 2276; x_wconf 91' lang='lat' dir='ltr'><strong>de</strong></span> <span class='ocrx_word' id='word_1_273' title='bbox 713 2254 774 2286; x_wconf 85' lang='lat' dir='ltr'><strong>quo</strong></span> <span class='ocrx_word' id='word_1_274' title='bbox 802 2244 979 2285; x_wconf 78' lang='lat' dir='ltr'><strong>cogitaret,</strong></span> <span class='ocrx_word' id='word_1_275' title='bbox 997 2242 1085 2275; x_wconf 81' lang='lat' dir='ltr'><strong>effici</strong></span> <span class='ocrx_word' id='word_1_276' title='bbox 1104 2247 1234 2286; x_wconf 89' lang='lat' dir='ltr'><strong>posset;</strong></span> <span class='ocrx_word' id='word_1_277' title='bbox 1252 2242 1336 2285; x_wconf 90' lang='lat' dir='ltr'><strong>quod</strong></span> <span class='ocrx_word' id='word_1_278' title='bbox 1355 2252 1427 2273; x_wconf 92' lang='lat' dir='ltr'><strong>cum</strong></span> <span class='ocrx_word' id='word_1_279' title='bbox 1441 2241 1501 2273; x_wconf 88' lang='lat' dir='ltr'><strong>ille</strong></span> <span class='ocrx_word' id='word_1_280' title='bbox 1518 2240 1593 2272; x_wconf 89' lang='lat' dir='ltr'><strong>fieri</strong></span> 
     </span>
     <span class='ocr_line' id='line_1_31' title="bbox 191 2287 1595 2334; baseline -0.004 -11"><span class='ocrx_word' id='word_1_281' title='bbox 191 2302 287 2334; x_wconf 91' lang='lat' dir='ltr'><strong>posse</strong></span> <span class='ocrx_word' id='word_1_282' title='bbox 304 2291 458 2333; x_wconf 79' lang='lat' dir='ltr'><strong>dixisset,</strong></span> <span class='ocrx_word' id='word_1_283' title='bbox 478 2291 619 2323; x_wconf 89' lang='lat' dir='ltr'><strong>iussisse</strong></span> <span class='ocrx_word' id='word_1_284' title='bbox 638 2300 710 2322; x_wconf 89' lang='lat' dir='ltr'><strong>cum</strong></span> <span class='ocrx_word' id='word_1_285' title='bbox 728 2290 892 2322; x_wconf 84' lang='lat' dir='ltr'><strong>novacula</strong></span> <span class='ocrx_word' id='word_1_286' title='bbox 909 2294 1016 2322; x_wconf 84' lang='lat' dir='ltr'><strong>cotem</strong></span> <span class='ocrx_word' id='word_1_287' title='bbox 1034 2289 1237 2331; x_wconf 82' lang='lat' dir='ltr'><strong>praecidere,</strong></span> <span class='ocrx_word' id='word_1_288' title='bbox 1255 2289 1352 2330; x_wconf 88' lang='lat' dir='ltr'><strong>idque</strong></span> <span class='ocrx_word' id='word_1_289' title='bbox 1369 2287 1408 2319; x_wconf 86' lang='lat' dir='ltr'><strong>ab</strong></span> <span class='ocrx_word' id='word_1_290' title='bbox 1423 2288 1503 2318; x_wconf 81' lang='lat' dir='ltr'><strong>Atto</strong></span> <span class='ocrx_word' id='word_1_291' title='bbox 1519 2296 1595 2328; x_wconf 90' lang='lat' dir='ltr'><strong>pro-</strong></span> 
     </span>
     <span class='ocr_line' id='line_1_32' title="bbox 190 2336 433 2369; baseline -0.004 0"><span class='ocrx_word' id='word_1_292' title='bbox 190 2338 281 2369; x_wconf 84' lang='lat' dir='ltr'><strong>tinus</strong></span> <span class='ocrx_word' id='word_1_293' title='bbox 299 2336 433 2369; x_wconf 83' lang='lat' dir='ltr'><strong>factum.</strong></span> 
     </span>
    </p>

    <p class='ocr_par' dir='ltr' id='par_1_6' title="bbox 192 2376 1597 2653">
     <span class='ocr_line' id='line_1_33' title="bbox 283 2376 1596 2422; baseline -0.005 -8"><span class='ocrx_word' id='word_1_294' title='bbox 283 2382 453 2415; x_wconf 87' lang='lat' dir='ltr'><strong>Successit</strong></span> <span class='ocrx_word' id='word_1_295' title='bbox 471 2381 500 2413; x_wconf 88' lang='lat' dir='ltr'><strong>ei</strong></span> <span class='ocrx_word' id='word_1_296' title='bbox 518 2381 657 2414; x_wconf 87' lang='lat' dir='ltr'><strong>Servius</strong></span> <span class='ocrx_word' id='word_1_297' title='bbox 675 2381 819 2421; x_wconf 88' lang='lat' dir='ltr'><strong>Tullius,</strong></span> <span class='ocrx_word' id='word_1_298' title='bbox 839 2385 935 2412; x_wconf 91' lang='lat' dir='ltr'><strong>natus</strong></span> <span class='ocrx_word' id='word_1_299' title='bbox 955 2390 995 2412; x_wconf 80' lang='lat' dir='ltr'><strong>ex</strong></span> <span class='ocrx_word' id='word_1_300' title='bbox 1016 2380 1149 2422; x_wconf 70' lang='lat' dir='ltr'><strong>captiva</strong></span> <span class='ocrx_word' id='word_1_301' title='bbox 1168 2379 1273 2412; x_wconf 91' lang='lat' dir='ltr'><strong>nobili</strong></span> <span class='ocrx_word' id='word_1_302' title='bbox 1290 2378 1524 2419; x_wconf 87' lang='lat' dir='ltr'><strong>Corniculana,</strong></span> <span class='ocrx_word' id='word_1_303' title='bbox 1542 2376 1596 2409; x_wconf 88' lang='lat' dir='ltr'><strong>cui</strong></span> 
     </span>
     <span class='ocr_line' id='line_1_34' title="bbox 192 2423 1596 2471; baseline -0.004 -11"><span class='ocrx_word' id='word_1_304' title='bbox 192 2439 295 2471; x_wconf 86' lang='lat' dir='ltr'><strong>puero</strong></span> <span class='ocrx_word' id='word_1_305' title='bbox 314 2429 418 2460; x_wconf 86' lang='lat' dir='ltr'><strong>adhuc</strong></span> <span class='ocrx_word' id='word_1_306' title='bbox 436 2428 469 2459; x_wconf 94' lang='lat' dir='ltr'><strong>in</strong></span> <span class='ocrx_word' id='word_1_307' title='bbox 488 2428 582 2459; x_wconf 89' lang='lat' dir='ltr'><strong>cunis</strong></span> <span class='ocrx_word' id='word_1_308' title='bbox 600 2427 709 2469; x_wconf 90' lang='lat' dir='ltr'><strong>posito</strong></span> <span class='ocrx_word' id='word_1_309' title='bbox 729 2431 826 2469; x_wconf 86' lang='lat' dir='ltr'><strong>caput</strong></span> <span class='ocrx_word' id='word_1_310' title='bbox 843 2426 967 2458; x_wconf 88' lang='lat' dir='ltr'><strong>arsisse</strong></span> <span class='ocrx_word' id='word_1_311' title='bbox 984 2426 1145 2458; x_wconf 87' lang='lat' dir='ltr'><strong>traditum</strong></span> <span class='ocrx_word' id='word_1_312' title='bbox 1164 2430 1246 2458; x_wconf 88' lang='lat' dir='ltr'><strong>erat.</strong></span> <span class='ocrx_word' id='word_1_313' title='bbox 1263 2425 1292 2456; x_wconf 92' lang='lat' dir='ltr'><strong>is</strong></span> <span class='ocrx_word' id='word_1_314' title='bbox 1310 2434 1443 2457; x_wconf 87' lang='lat' dir='ltr'><strong>censum</strong></span> <span class='ocrx_word' id='word_1_315' title='bbox 1457 2423 1596 2466; x_wconf 88' lang='lat' dir='ltr'><strong>primum</strong></span> 
     </span>
     <span class='ocr_line' id='line_1_35' title="bbox 193 2468 1597 2515; baseline -0.004 -9"><span class='ocrx_word' id='word_1_316' title='bbox 193 2475 272 2515; x_wconf 84' lang='lat' dir='ltr'><strong>egit,</strong></span> <span class='ocrx_word' id='word_1_317' title='bbox 290 2475 432 2507; x_wconf 87' lang='lat' dir='ltr'><strong>lustrum</strong></span> <span class='ocrx_word' id='word_1_318' title='bbox 458 2473 617 2513; x_wconf 89' lang='lat' dir='ltr'><strong>condidit,</strong></span> <span class='ocrx_word' id='word_1_319' title='bbox 643 2484 704 2514; x_wconf 88' lang='lat' dir='ltr'><strong>quo</strong></span> <span class='ocrx_word' id='word_1_320' title='bbox 731 2483 829 2504; x_wconf 86' lang='lat' dir='ltr'><strong>censa</strong></span> <span class='ocrx_word' id='word_1_321' title='bbox 853 2471 986 2503; x_wconf 83' lang='lat' dir='ltr'>LXXX</span> <span class='ocrx_word' id='word_1_322' title='bbox 1015 2472 1107 2503; x_wconf 86' lang='lat' dir='ltr'><strong>milia</strong></span> <span class='ocrx_word' id='word_1_323' title='bbox 1128 2481 1201 2503; x_wconf 92' lang='lat' dir='ltr'><strong>esse</strong></span> <span class='ocrx_word' id='word_1_324' title='bbox 1220 2470 1387 2511; x_wconf 88' lang='lat' dir='ltr'><strong>dicuutur,</strong></span> <span class='ocrx_word' id='word_1_325' title='bbox 1414 2468 1597 2513; x_wconf 88' lang='lat' dir='ltr'><strong>pomerium</strong></span> 
     </span>
     <span class='ocr_line' id='line_1_36' title="bbox 192 2514 1597 2562; baseline -0.004 -10"><span class='ocrx_word' id='word_1_326' title='bbox 192 2520 350 2562; x_wconf 82' lang='lat' dir='ltr'><strong>protulit,</strong></span> <span class='ocrx_word' id='word_1_327' title='bbox 376 2519 479 2552; x_wconf 88' lang='lat' dir='ltr'><strong>colles</strong></span> <span class='ocrx_word' id='word_1_328' title='bbox 504 2519 580 2551; x_wconf 89' lang='lat' dir='ltr'><strong>urbi</strong></span> <span class='ocrx_word' id='word_1_329' title='bbox 598 2518 722 2550; x_wconf 90' lang='lat' dir='ltr'><strong>adiecit</strong></span> <span class='ocrx_word' id='word_1_330' title='bbox 747 2517 955 2560; x_wconf 82' lang='lat' dir='ltr'><strong>Quirinalem</strong></span> <span class='ocrx_word' id='word_1_331' title='bbox 976 2517 1178 2549; x_wconf 68' lang='lat' dir='ltr'><strong>viminalem</strong></span> <span class='ocrx_word' id='word_1_332' title='bbox 1195 2516 1422 2559; x_wconf 89' lang='lat' dir='ltr'><strong>Esquilinum,</strong></span> <span class='ocrx_word' id='word_1_333' title='bbox 1439 2514 1597 2558; x_wconf 88' lang='lat' dir='ltr'><strong>templum</strong></span> 
     </span>
     <span class='ocr_line' id='line_1_37' title="bbox 192 2559 1595 2603; baseline -0.004 -6"><span class='ocrx_word' id='word_1_334' title='bbox 192 2566 317 2597; x_wconf 85' lang='lat' dir='ltr'><strong>Dianae</strong></span> <span class='ocrx_word' id='word_1_335' title='bbox 335 2576 407 2597; x_wconf 88' lang='lat' dir='ltr'><strong>cum</strong></span> <span class='ocrx_word' id='word_1_336' title='bbox 424 2564 557 2597; x_wconf 90' lang='lat' dir='ltr'><strong>Latinis</strong></span> <span class='ocrx_word' id='word_1_337' title='bbox 586 2564 617 2595; x_wconf 91' lang='lat' dir='ltr'><strong>in</strong></span> <span class='ocrx_word' id='word_1_338' title='bbox 636 2564 801 2595; x_wconf 87' lang='lat' dir='ltr'><strong>Aventino</strong></span> <span class='ocrx_word' id='word_1_339' title='bbox 831 2562 923 2595; x_wconf 88' lang='lat' dir='ltr'><strong>fecit.</strong></span> <span class='ocrx_word' id='word_1_340' title='bbox 950 2562 1148 2595; x_wconf 82' lang='lat' dir='ltr'><strong>interfectus</strong></span> <span class='ocrx_word' id='word_1_341' title='bbox 1167 2567 1218 2594; x_wconf 85' lang='lat' dir='ltr'><strong>est</strong></span> <span class='ocrx_word' id='word_1_342' title='bbox 1235 2573 1253 2594; x_wconf 89' lang='lat' dir='ltr'><strong>a</strong></span> <span class='ocrx_word' id='word_1_343' title='bbox 1279 2560 1381 2594; x_wconf 87' lang='lat' dir='ltr'><strong>Lucio</strong></span> <span class='ocrx_word' id='word_1_344' title='bbox 1401 2559 1595 2603; x_wconf 84' lang='lat' dir='ltr'><strong>Tarquinio,</strong></span> 
     </span>
     <span class='ocr_line' id='line_1_38' title="bbox 193 2606 1464 2653; baseline -0.002 -11"><span class='ocrx_word' id='word_1_345' title='bbox 193 2610 305 2643; x_wconf 84' lang='lat' dir='ltr'><strong>Prisci</strong></span> <span class='ocrx_word' id='word_1_346' title='bbox 325 2611 405 2653; x_wconf 82' lang='lat' dir='ltr'><strong>filio,</strong></span> <span class='ocrx_word' id='word_1_347' title='bbox 424 2611 566 2643; x_wconf 83' lang='lat' dir='ltr'><strong>consilio</strong></span> <span class='ocrx_word' id='word_1_348' title='bbox 586 2609 674 2641; x_wconf 83' lang='lat' dir='ltr'><strong>filiae</strong></span> <span class='ocrx_word' id='word_1_349' title='bbox 689 2608 923 2649; x_wconf 81' lang='lat' dir='ltr'><strong>suaeTulliae,</strong></span> <span class='ocrx_word' id='word_1_350' title='bbox 942 2619 1014 2640; x_wconf 87' lang='lat' dir='ltr'><strong>cum</strong></span> <span class='ocrx_word' id='word_1_351' title='bbox 1034 2613 1210 2650; x_wconf 83' lang='lat' dir='ltr'><strong>regnasset</strong></span> <span class='ocrx_word' id='word_1_352' title='bbox 1226 2608 1322 2640; x_wconf 89' lang='lat' dir='ltr'><strong>annis</strong></span> <span class='ocrx_word' id='word_1_353' title='bbox 1336 2606 1464 2639; x_wconf 87' lang='lat' dir='ltr'>XLIIII.</span> 
     </span>
    </p>
   </div>
  </div>
 </body>
</html>
