1698 2864
72 261 98 280 a.
121 253 175 280 Ch.
196 252 259 279 465.

560 239 688 273 Lmen
705 238 759 272 111.
797 238 891 271 CAP.
909 237 941 270 2.
967 237 999 269 3,
1457 244 1481 281 5

74 351 221 385 curant.
257 344 321 383 ubi
341 343 480 383 inluxit
499 347 660 394 postero
682 341 756 389 die,
778 340 888 392 prior
908 340 1102 392 aliquanto
1122 343 1295 382 constitit
1309 343 1486 383 Romana

74 403 194 449 acies3
232 401 388 440 tandem
429 405 466 439 et
499 399 620 450 Aequi
660 410 902 449 processere.

73 459 302 503 vehemenS,
332 457 437 508 quod
465 460 502 494 et
521 456 724 494 Romanus
752 455 806 494 ira
836 454 1004 505 odioque
1032 454 1244 505 pugnabat,
1273 461 1308 494 et
1330 458 1484 507 Aequos

74 513 309 554 conscientia
325 511 512 552 contracti
530 512 639 562 culpa
656 511 815 562 periculi
832 516 869 550 et
885 511 1104 562 desperatio
1121 511 1272 550 futurae
1290 512 1361 550 sibi
1374 518 1487 562 post—

73 583 115 610 ea
135 570 222 609 fidei
244 569 379 608 ultima
400 569 542 608 audere
562 572 599 606 et
619 567 783 619 experiri
806 567 977 618 cogebat.
1013 579 1095 605 non
1114 572 1245 605 tamen
1267 568 1488 607 sustinuere
1519 575 1558 607 12

73 627 191 666 aciem
214 627 430 666 Romanam
453 625 592 676 Aequi3
619 625 802 675 pulsique
832 637 919 662 cum
949 624 987 662 in
1014 624 1111 662 fines
1134 636 1228 662 suos
1252 637 1294 662 se
1315 624 1486 675 recepis-

75 688 181 730 sent,
209 683 328 721 nihilo
350 681 656 721 inclinatioribus
679 681 726 719 ad
748 693 883 731 pacem
905 680 1042 719 animis
1064 680 1173 719 ferox
1197 680 1402 719 multitudo
1425 681 1487 719 in-

74 751 230 790 crepare
261 739 396 785 duces,
424 738 528 790 quod
549 737 587 776 in
611 737 750 785 aciem,
780 750 853 788 qua
875 737 1073 788 pugnandi
1094 742 1173 775 arte
1196 737 1395 775 Romanus
1418 750 1488 775 ex-

74 796 193 840 cellat,
212 796 422 834 commissa
439 807 500 834 res
519 795 586 834 sit:
603 795 758 845 Aequos
777 794 1097 845 populationibus
1115 793 1484 845 incursionibusque
1516 799 1556 832 13

73 852 254 891 meliores
283 865 386 899 esse,
417 856 454 890 et
481 852 621 890 multas
649 851 796 901 passim
827 863 966 889 manus
996 863 1110 901 quam
1139 862 1318 901 magnam
1341 850 1485 889 molem

74 909 190 948 unius
212 909 400 947 exercitus
422 909 563 947 rectius
585 907 681 946 bella
702 920 844 957 gerere.

190 965 331 1003 Relicto
359 965 486 1015 itaque
514 964 651 1003 castris
678 963 872 1014 praesidio
903 966 1050 1013 egressi
1078 968 1186 1001 tanto
1211 975 1296 1001 cum
1318 962 1487 1001 tumultu
1516 965 1541 1004 3

73 1022 250 1060 invasere
271 1022 367 1059 fines
390 1021 610 1067 Romanos,
639 1024 681 1058 ut
702 1020 748 1058 ad
770 1020 904 1058 urbem
928 1031 1082 1069 quoque
1103 1024 1293 1057 terrorem
1315 1019 1486 1069 pertule-

73 1077 164 1116 rint.
211 1077 439 1127 necopinata
467 1076 580 1115 etiam
611 1087 672 1114 res
700 1076 787 1126 plus
815 1075 1086 1126 trepidationis
1114 1075 1223 1120 fecit,
1258 1075 1361 1125 quod
1389 1074 1486 1113 nihil
1516 1081 1536 1113 2

73 1133 217 1180 minus,
241 1145 353 1184 quam
372 1145 420 1171 ne
436 1132 559 1171 victus
577 1145 620 1171 ac
638 1144 763 1183 prope
778 1133 816 1170 in
835 1132 971 1171 castris
991 1131 1175 1170 obsessus
1192 1131 1318 1170 hostis
1337 1143 1490 1170 memor

73 1190 339 1242 populationis
363 1194 485 1235 esset,
516 1189 643 1228 timeri
663 1194 834 1239 poterat,
855 1193 1103 1239 agrestesque
1125 1188 1252 1238 pavidi
1274 1188 1487 1226 incidentes
1518 1193 1537 1224 3

75 1246 201 1298 portis
236 1258 317 1284 non
352 1246 645 1296 populationem
681 1256 753 1284 nec
788 1246 1030 1296 praedonum
1062 1257 1198 1295 parvas
1229 1257 1386 1292 manus,
1421 1244 1490 1282 sed

65 1301 206 1341 ‘omnia
227 1314 325 1341 vano
348 1308 528 1352 augentes
546 1302 687 1340 timore
709 1302 897 1340 exercitus
919 1307 954 1340 et
974 1301 1144 1351 legiones
1163 1301 1298 1339 adesse
1315 1300 1489 1339 hostium

76 1364 113 1398 et
138 1359 278 1397 infesto
310 1359 462 1410 agmine
488 1371 600 1397 ruere
628 1358 673 1396 ad
701 1358 837 1397 urbem
866 1358 1093 1397 clamabant.
1143 1357 1188 1396 ab
1216 1357 1277 1396 his
1309 1356 1490 1409 proxumi
1519 1365 1540 1397 4

76 1503 209 1534 curare,
228 1493 309 1524 doeh
327 1494 408 1525 auch
426 1493 480 1533 34,
502 1492 551 1532 16,
567 1493 602 1524 5:
619 1493 695 1524 vino
714 1495 748 1524 et

76 1539 146 1570 e‘z'bo
170 1541 322 1577 cur-aton
349 1538 385 1576 9,
405 1538 459 1579 37,
477 1539 515 1569 7:
540 1540 652 1570 curati
673 1539 744 1569 cibo

77 1594 222 1627 corpora
239 1585 343 1625 quieti
357 1583 466 1615 daret.

124 1628 256 1660 11-13.
289 1628 405 1671 calpa,
429 1639 455 1660 s.
476 1638 503 1658 c.
524 1627 556 1669 1,
575 1628 606 1659 8.
625 1646 665 1650 —-
683 1627 744 1659 de-

75 1676 224 1716 speratt'o
237 1693 259 1696 -
271 1674 391 1705 ‘ultima
404 1674 493 1704 steht
505 1673 594 1704 nicht
606 1673 648 1704 im
663 1673 746 1704 Ein-

76 1718 178 1758 klang
191 1720 248 1750 mit
261 1719 320 1750 der
333 1719 374 1750 im
389 1718 484 1759 Folg.
500 1718 744 1757 geschilderten

74 1763 188 1795 Macht
211 1765 270 1795 der
294 1766 428 1805 Aequer
451 1764 516 1794 und
539 1764 599 1794 der
623 1762 746 1795 Gefahr

75 1809 135 1840 der
151 1808 283 1840 Romen
302 1827 346 1831 —
364 1810 437 1849 sibi,
456 1808 534 1839 weil
552 1808 744 1851 desperatio

75 1854 170 1885 einen
188 1854 286 1885 Satz:
313 1854 402 1895 quod
424 1854 651 1896 desperabant
666 1864 744 1884 ver-

73 1899 160 1930 tritt.
179 1917 222 1922 —-
239 1898 457 1940 inclinatior„
482 1909 507 1930 s.
528 1899 558 1937 2,
578 1898 632 1939 22,
652 1899 682 1929 7.
701 1917 745 1922 -—

73 1944 264 1985 multitado,
282 1945 333 1975 die
349 1944 520 1975 Soldaten.
534 1963 575 1966 —
589 1945 624 1975 in
638 1945 745 1975 aciem

74 1990 195 2021 anders
219 1990 267 2021 als
286 1989 409 2021 vorher
425 1991 542 2021 aciem.
578 1999 644 2031 qua
661 1990 744 2020 wird

74 2035 214 2066 leicbter
237 2033 296 2066 auf
314 2037 384 2067 acie
401 2035 567 2075 bezogen,
592 2034 743 2074 obgleich

75 2089 148 2111 man
164 2082 198 2111 in
217 2084 381 2111 erwarten
402 2080 518 2120 sollte,
543 2090 569 2111 s.
589 2080 620 2120 5,
639 2080 692 2119 41,
710 2079 743 2119 4,

76 2125 127 2156 als
160 2125 261 2156 durch
285 2125 488 2164 Attraction‚
519 2135 546 2157 s.
570 2135 598 2156 c.
624 2124 681 2164 10,
707 2124 742 2156 6:

76 2180 172 2212 quem
190 2171 348 2209 imbrem,
366 2169 423 2202 auf
438 2173 526 2202 arte:
547 2170 578 2201 in
596 2170 744 2201 welcher

76 2217 138 2247 Art
159 2226 200 2246 zu
218 2213 387 2257 k'zimpfen,
410 2215 479 2255 vgl.
497 2214 549 2256 38,
566 2215 621 2255 21,
640 2215 670 2256 7,
690 2216 742 2247 die

72 2271 193 2304 pagna
209 2262 356 2292 stataria
373 2262 404 2299 9,
426 2260 475 2299 19,
492 2260 521 2291 8.
539 2278 583 2283 —
599 2260 742 2304 popula-

76 2308 156 2338 tion.
175 2308 318 2340 z'ncurs.,
338 2305 612 2337 wahrscheinlich
630 2316 743 2337 waren

74 2351 162 2382 viele
181 2351 492 2391 Unternehmungen
517 2351 549 2381 in
569 2351 629 2381 den
649 2351 744 2392 {iqui-

76 2397 175 2429 schen
191 2397 257 2427 und
274 2396 485 2428 volskischen
505 2394 669 2436 Hriegen,
692 2397 743 2427 die

75 2442 126 2473 als
184 2442 392 2473 bedeutende
451 2441 621 2481 Feldziige
681 2441 746 2472 und

77 2487 275 2520 Schlachten
336 2487 539 2527 geschildert
596 2487 745 2526 werden,

78 2532 185 2564 niehts
207 2533 257 2564 als
282 2532 393 2564 solche
418 2532 534 2563 Raub—
557 2532 622 2562 und
646 2531 747 2563 Pliin-

78 2578 316 2620 derungsziige,
336 2588 361 2609 s.
377 2589 403 2609 c.
424 2577 454 2618 6,
472 2577 509 2617 43
530 2577 560 2616 7,
582 2576 617 2616 13
637 2576 690 2618 25,
706 2577 744 2615 93

79 2622 133 2661 26,
154 2623 167 2654 1
188 2633 220 2655 u.
237 2634 278 2665 a.,
296 2623 363 2664 vgl.
382 2623 411 2664 2,
429 2622 482 2662 48,
501 2623 531 2654 5.

124 2661 166 2700 3.
187 2667 274 2700 2-3.
292 2670 530 2712 neeop.etz·am,
543 2677 661 2699 ausser
674 2667 746 2699 dem

818 1492 1025 1524 Erscheinen
1052 1493 1110 1523 der
1127 1492 1251 1524 Feinde
1273 1492 1380 1523 selbst
1395 1492 1490 1531 auch,

819 1538 1004 1569 besonders
1027 1549 1058 1569 n.
1079 1548 1106 1569 s.
1125 1547 1187 1576 w.;
1213 1537 1296 1568 iiber
1313 1538 1364 1568 die
1383 1537 1490 1568 Sache

820 1594 846 1615 s„
865 1583 1014 1615 Niebuhr
1027 1582 1196 1623 Vortr'fige
1218 1584 1246 1623 1,
1261 1583 1323 1613 277
1335 1582 1357 1613 f.
1376 1600 1421 1606 —
1437 1584 1490 1614 ηἰ-

816 1628 864 1660 Ιιῐί
879 1630 992 1660 minus
1011 1640 1051 1670 q.,
1070 1629 1153 1659 alles
1168 1628 1301 1659 Anderc
1318 1628 1420 1665 mehr,
1439 1637 1491 1659 am

818 1674 1104 1715 allerwenigsten,
1124 1674 1225 1704 findet
1239 1674 1306 1704 sich
1323 1671 1491 1704 inehrfach

819 1720 872 1750 bei
889 1719 937 1759 L.,
957 1730 983 1751 s.
1001 1730 1042 1750 zu
1061 1718 1090 1757 8,
1111 1719 1160 1757 11,
1180 1719 1216 1750 9:
1236 1718 1289 1760 28,
1308 1717 1438 1758 22,12;
1458 1718 1489 1757 5,

818 1764 878 1805 21,
898 1764 928 1796 6.
952 1782 996 1786 —
1013 1767 1189 1805 agrestes,
1214 1774 1240 1794 s.
1262 1763 1296 1803 1,
1315 1763 1378 1804 22,
1397 1761 1427 1794 3.
1445 1780 1490 1785 -—-

817 1809 940 1852 paz-idi,
963 1809 997 1849 1,
1017 1809 1077 1849 21,
1100 1809 1128 1839 1.
1151 1827 1196 1831 -—-
1220 1810 1392 1840 exercitus
1411 1819 1436 1839 e.
1456 1807 1489 1847 l.,

818 1855 1057 1896 hendiadyoin,
1083 1854 1122 1884 da
1141 1854 1198 1884 das
1216 1853 1319 1884 Erste
1337 1863 1397 1884 aus
1415 1853 1489 1883 dem

818 1899 968 1932 Zweiten
992 1899 1145 1938 besteht3
1170 1909 1196 1930 s.
1216 1909 1243 1930 c.
1265 1899 1292 1937 1,
1312 1898 1348 1936 23
1375 1897 1428 1938 53,
1450 1897 1488 1936 13

819 1944 849 1986 6,
869 1944 900 1985 6,
921 1944 980 1983 103
1002 1945 1084 1975 iiber
1100 1944 1250 1985 legiones
1268 1954 1294 1975 s.
1315 1943 1345 1982 2,
1365 1942 1416 1984 26,
1435 1941 1465 1974 3.

863 2035 952 2066 4-5.
985 2036 1025 2066 ab
1050 2035 1102 2065 lzz‘s
1121 2038 1183 2065 etc.
1202 2048 1224 2059 =
1241 2034 1281 2065 ab
1300 2033 1351 2064 lzz's
1369 2031 1491 2064 audita

815 2081 982 2123 praa-ami
997 2080 1140 2120 —ferre,
1159 2079 1199 2109 da
1217 2079 1317 2110 sehon
1333 2078 1402 2117 das,
1420 2087 1490 2108 was

817 2126 869 2157 die
882 2125 1094 2164 Fliichtlinge
1109 2125 1168 2154 den
1179 2124 1312 2165 Ersten,
1327 2123 1378 2154 die
1392 2123 1490 2154 ihnen

816 2169 1019 2201 aufstiessen
1035 2170 1219 2208 erzahlten,
1234 2168 1403 2209 ungewiss
1419 2177 1491 2199 war

818 2216 915 2252 (vano
943 2217 1109 2256 aug-entes
1135 2215 1289 2254 timore),
1313 2224 1350 2245 so
1374 2214 1489 2244 wurde

817 2271 853 2292 es
885 2261 937 2292 bei
968 2261 1040 2291 dem
1067 2259 1360 2291 VVeitererz'ahlen
1387 2258 1489 2290 durch

817 2307 869 2337 die
906 2306 1002 2337 dabei
1035 2305 1244 2336 eintretende
1274 2304 1491 2343 Entstellung

816 2351 881 2382 und
891 2351 1167 2390 Vergrb'sserung
1180 2350 1262 2381 noch
1278 2349 1489 2389 grundloser,

817 2407 845 2428 s.
860 2396 890 2437 9,
907 2396 959 2435 24,
978 2396 1034 2427 10:
1052 2398 1226 2439 acceptum
1244 2396 1284 2426 ab
1302 2404 1369 2426 uno
1386 2403 1490 2435 pavo-

820 2452 892 2474 rem
913 2441 1029 2484 plures
1052 2452 1113 2484 per
1136 2441 1408 2482 urbemsermzt3
1434 2437 1489 2476 29,

821 2486 857 2526 3,
883 2486 919 2518 9;
949 2496 1009 2518 nec
1040 2489 1123 2528 quot
1151 2495 1253 2517 naves
1277 2484 1442 2516 vidissent
1467 2501 1490 2505 —

820 2534 905 2563 satis
931 2534 1037 2573 gnari
1062 2533 1175 2563 omnia
1202 2532 1236 2561 1'71
1260 2531 1373 2561 maius
1396 2530 1489 2558 metu

817 2580 965 2619 augente
978 2578 1202 2620 accipiebam&
1219 2575 1271 2614 27,
1283 2575 1335 2613 51,
1344 2573 1363 2604 4
1373 2583 1380 2610 ;
1392 2572 1488 2603 Ovid.

818 2622 898 2654 Met.
920 2622 971 2661 12,
990 2623 1049 2653 57:
1068 2623 1103 2652 ln·
1117 2622 1261 2652 narrata
1272 2620 1395 2659 ferani
1412 2616 1490 2656 alio,

818 2677 1045 2709 mensuraque
1060 2668 1140 2709 ficti
1155 2666 1291 2704 crescit,
1315 2665 1349 2694 et
1364 2661 1489 2694 auditis

957 398 1148 449 proelium
1184 399 1256 437 fuit
1290 400 1486 452 utrimque
1516 406 1554 439 11
