1698 2864
73 225 101 244 a.
125 216 178 243 Ch.
191 216 252 242 436.
264 215 325 241 435.

525 201 653 235 LIBER
677 201 734 234 IV.
782 200 876 233 CAP.
902 201 956 233 21.
972 201 1025 233 22.

1397 200 1475 240 187
1502 257 1504 260 Ι

76 309 144 350 sed
165 309 266 348 ultro
288 306 501 351 Fidenates,
525 304 591 355 qui
618 316 659 342 se
680 303 806 354 primo
831 304 908 353 [aut
924 303 1082 353 oppido]
1107 308 1171 342 aut
1191 302 1390 342 montibus
1411 307 1477 341 aut
1507 309 1525 339 7

74 365 198 405 muris
218 367 430 409 tenuerant,
451 359 717 413 populabundi
737 359 1017 398 descenderent
1037 359 1076 396 in
1092 371 1226 409 agrum
1242 359 1476 398 Romanum.

75 421 213 461 deinde
233 419 447 459 Veientium
474 418 643 456 exercitu
668 416 788 455 accito
809 437 864 443 -
891 427 981 454 nam
1003 415 1139 453 Falisci
1166 415 1324 466 perpelli
1347 416 1392 454 ad
1415 415 1476 454 in-
1507 419 1526 452 8

74 477 327 517 staurandum
360 474 503 514 bellum
536 485 661 524 neque
696 472 802 511 clade
829 472 1100 510 Romanorum
1128 483 1252 522 neque
1280 472 1477 510 sociorum

72 532 253 585 precibus
280 536 442 583 potuere
466 554 523 558 ——
551 530 628 569 duo
650 528 785 580 populi
805 527 993 567 transiere
1014 527 1220 574 Anienem,
1244 532 1355 578 atque
1376 528 1479 566 haud

72 589 210 642 procul
237 588 381 628 Collina
415 591 528 639 porta
555 585 663 636 signa
689 585 868 624 habuere.
913 583 1149 635 trepidatum
1179 583 1306 634 itaque
1330 595 1410 622 non
1438 584 1476 622 in
1506 589 1525 621 9

74 645 174 697 agris
196 645 319 696 magis
341 657 456 696 quam
477 644 517 682 in
536 642 633 682 urbe
654 646 725 681 est.
768 641 887 681 Iulius
910 640 1047 679 consul
1068 640 1107 678 in
1128 652 1264 690 aggere
1281 639 1480 690 murisque

74 702 236 753 explicat
270 701 419 752 copias,
448 713 467 739 3
494 698 673 750 Verginio
705 703 860 738 senatus
889 698 929 736 in
957 697 1049 736 aede
1071 695 1221 744 Quirini
1250 696 1477 735 consulitur.

75 759 304 798 dictatorem
335 757 408 796 dici
436 757 480 804 Q.
509 755 710 795 Servilium
739 754 880 806 placet,
910 754 971 793 cui
992 753 1127 792 Prisco
1150 752 1224 800 alii,
1242 752 1302 791 alii
1325 753 1478 792 Structo

73 815 196 854 fuisse
230 825 448 864 cognomen
482 813 651 851 tradunt.
702 810 902 861 Verginius
926 811 1019 849 dum
1048 810 1231 860 collegam
1262 809 1481 848 consuleret
1512 815 1551 847 10

73 875 271 917 moratus,
301 870 550 921 permittente
577 881 622 907 eo
646 872 759 907 nocte
785 867 1013 906 dictatorem
1043 866 1149 905 dixit.
1197 866 1228 904 is
1257 865 1329 904 sibi
1357 865 1480 916 magi-

75 933 200 967 strum
224 927 398 977 equitum
419 927 652 966 Postumum
673 924 879 962 Aebutium
902 923 1059 961 Helvam
1082 922 1184 960 dicit.

186 983 357 1022 Dictator
386 994 522 1021 omnes
549 982 634 1020 luce
661 981 785 1032 prima
812 985 916 1018 extra
944 984 1098 1029 portam
1128 978 1313 1017 Collinam
1343 977 1480 1016 adesse
1509 980 1563 1019 22

72 1039 189 1079 iubet.
230 1039 543 1089 quibuscumque
564 1037 665 1075 vires
688 1035 945 1086 subpetebant
967 1035 1013 1073 ad
1031 1046 1136 1073 arma
1151 1033 1307 1072 ferenda
1324 1039 1479 1084 praesto

72 1095 193 1135 fuere.
241 1095 348 1146 signa
375 1107 420 1133 ex
447 1093 595 1132 aerario
617 1090 809 1144 {prompta
836 1092 1012 1130 seruntur
1034 1090 1080 1129 ad
1103 1090 1343 1129 dictatorem.
1384 1101 1481 1140 quae
1510 1100 1529 1131 2

75 1164 164 1192 cum
186 1156 400 1201 agerentur,
421 1151 554 1189 hostes
577 1150 615 1188 in
632 1149 714 1188 loca
736 1148 872 1187 altiora
893 1159 1133 1186 concessere.
1170 1159 1214 1185 eo
1233 1146 1398 1185 dictator
1414 1158 1481 1195 ag—

74 1209 180 1247 mine
214 1208 353 1246 infesto
390 1207 509 1253 subit,
537 1218 609 1245 nec
645 1205 782 1256 procul
811 1204 1004 1243 Nomento
1042 1203 1161 1254 signis
1193 1202 1355 1242 conlatis
1385 1202 1483 1241 fudit

74 1264 257 1303 Etruscas
279 1264 468 1314 legiones3
490 1262 665 1313 conpulit
684 1262 772 1300 inde
794 1262 834 1300 in
855 1260 992 1300 urbem
1010 1259 1186 1306 Fidenas,
1207 1259 1381 1309 valloque
1405 1258 1481 1297 cir—

75 1320 282 1360 cumdedit.
323 1320 390 1359 sed
407 1332 531 1371 neque
553 1318 664 1358 scalis
687 1318 770 1369 capi
790 1321 944 1369 poterat
963 1316 1057 1355 urbs
1080 1316 1152 1355 alta
1175 1321 1211 1354 et
1231 1315 1389 1363 munita,
1410 1327 1480 1353 ne·
1510 1324 1529 1356 3

75 1389 148 1428 que
176 1377 215 1415 in
245 1376 448 1415 obsidione
475 1376 530 1414 vis
559 1375 633 1414 ulla
654 1379 746 1421 erat,
780 1374 868 1426 quia
898 1373 1138 1413 frumentum
1160 1384 1240 1411 non
1260 1371 1479 1411 necessitati

73 1433 192 1473 modo
215 1433 322 1480 satis,
345 1433 414 1472 sed
436 1432 570 1483 copiae
592 1443 747 1482 quoque
767 1430 921 1470 abunde
943 1443 988 1469 ex
1009 1434 1095 1469 ante
1112 1434 1296 1468 convecto
1314 1428 1482 1468 sufficie-

76 1548 166 1578 esset
181 1544 257 1577 ulli
271 1545 427 1586 negotio,
450 1543 512 1575 sed
527 1544 630 1575 etiam
647 1546 686 1575 ut
701 1553 743 1574 ne

74 1590 310 1629 intercederet,
339 1589 408 1629 vgl.
426 1589 469 1620 ib.
488 1588 523 1629 ὃ,
549 1588 587 1629 4,
611 1588 647 1620 4:
676 1598 742 1620 non

74 1635 174 1668 modo
197 1635 293 1668 dolor
313 1634 444 1673 nullus;
468 1633 548 1665 Bell.
568 1632 669 1665 Afric.
689 1633 743 1673 47,

76 1681 111 1713 4:
135 1692 202 1713 non
223 1680 322 1713 modo
345 1681 412 1712 sibi
425 1680 601 1721 quicquam
622 1689 705 1717 non,
722 1695 744 1701 -

74 1726 136 1758 sed
158 1727 269 1757 etiam.
292 1744 336 1748 —
352 1727 413 1757 aut
434 1725 619 1765 montibus,
643 1734 670 1755 c.
693 1723 743 1762 17,

79 1771 138 1809 113
157 1771 214 1811 19,
239 1770 278 1809 ὃς
301 1770 422 1813 Hygini
441 1768 554 1801 Grom.
572 1770 611 1800 de
630 1768 744 1800 limiti-

74 1816 136 1848 bus
162 1821 269 1848 const.
292 1826 323 1857 p.
349 1815 428 1846 197:
451 1816 582 1857 antiqui
603 1816 745 1857 propter

75 1863 189 1894 subita
207 1861 366 1893 bellorum
386 1860 534 1904 pericula
550 1870 617 1891 non
634 1859 745 1891 solum

76 1910 175 1939 erant
190 1908 292 1938 urbes
315 1907 463 1937 contenti
477 1907 611 1946 cingere
627 1906 744 1943 muris,

74 1962 192 1984 verum
209 1953 310 1983 etiam
326 1951 399 1982 loca
415 1960 539 1993 aspera
556 1952 589 1981 et
604 1950 744 1991 confra-

74 2008 163 2039 goso
187 1999 283 2029 safris
307 1996 491 2038 eligebant,
513 1996 572 2027 ubi
590 1994 655 2026 iuis
674 2005 746 2026 am-

75 2042 266 2085 plissimum
289 2040 585 2084 propugnaculum
607 2042 696 2072 esset
713 2041 747 2071 et

77 2089 153 2130 ipsa
183 2087 247 2118 loci
276 2089 411 2118 natura.
444 2104 489 2109 -—-
520 2088 581 2118 aut
620 2084 745 2128 oppida

77 2131 162 2164 fehlt
179 2133 210 2163 in
228 2132 287 2162 der
302 2130 423 2163 Veron.
437 2130 517 2162 Hds.
534 2130 599 2162 und
618 2131 747 2162 scheint

78 2178 130 2209 ein
149 2176 302 2209 Glossem
321 2186 362 2207 zu
378 2177 488 2207 muris
511 2186 552 2207 zu
570 2176 653 2207 sein.

125 2222 144 2253 8
160 2241 183 2245 —
200 2222 232 2253 9.
265 2221 372 2260 clade,
391 2221 442 2252 die
461 2220 551 2252 Pest.
567 2238 612 2243 —
628 2220 694 2253 duo
710 2230 744 2264 p.

79 2268 161 2299 nach
179 2267 391 2306 Veientium,
410 2277 436 2298 s.
454 2265 516 2306 21,
536 2266 569 2306 1,
588 2265 624 2304 33
643 2265 697 2305 23,
715 2265 746 2305 6,

82 2312 164 2345 1.—
177 2322 318 2354 aggere,
337 2312 364 2350 1,
380 2311 434 2351 44,
449 2310 531 2342 3.-
545 2310 626 2343 aede
642 2310 746 2350 (ἡαπ,

78 2357 138 2390 auf
157 2358 229 2389 dem
253 2356 451 2398 Quirinalis,
476 2360 570 2387 sonst
596 2365 747 2387 versam-

77 2403 160 2435 melt
177 2403 245 2435 sich
264 2403 323 2433 der
340 2401 443 2433 senat
459 2401 490 2432 in
509 2402 570 2432 deu
589 2400 746 2443 Tempeln

78 2458 132 2481 um
151 2449 209 2479 das
223 2447 344 2480 Forum
359 2447 440 2478 oder
452 2445 594 2478 aufdem
608 2446 748 2488 Capitol,

79 2493 145 2534 vgl.
161 2492 213 2533 23,
228 2492 280 2533 32,
296 2492 332 2528 3;
349 2492 476 2523 Becker
492 2492 519 2530 1,
535 2491 617 2530 5703
637 2491 747 2531 Lange

80 2537 118 2578 2,
142 2537 218 2569 347.
240 2555 281 2560 —
296 2538 441 2581 placuit,
465 2539 523 2569 das
547 2537 748 2568 Senatsoon-

82 2583 162 2624 sult,
179 2584 254 2615 dass
272 2585 323 2615 ein
335 2583 486 2614 Dictator
498 2582 643 2622 gew‘zihlt
659 2591 747 2613 wer-

82 2628 143 2660 den
162 2629 236 2661 soll.
253 2646 298 2652 -—
317 2628 354 2668 Q.
371 2627 485 2668 Serv„
515 2638 542 2659 s.
567 2638 595 2659 c.
620 2625 679 2667 26,
710 2627 746 2666 73

814 1542 869 1582 46,
891 1543 995 1574 10.—
1010 1543 1126 1574 Prisco
1139 1560 1161 1564 —
1174 1540 1324 1581 Structo,
1339 1541 1390 1572 die
1405 1541 1483 1571 Ser-

815 1588 914 1620 vilier
943 1588 1056 1619 hatten
1086 1587 1180 1618 beide
1204 1586 1388 1627 Zunamen,
1419 1587 1483 1617 und

816 1633 868 1664 die
901 1633 1097 1665 Annalisten
1130 1632 1275 1663 meinten
1313 1632 1373 1663 mit
1411 1631 1482 1662 dem

816 1679 911 1709 einen
927 1678 990 1709 wie
1007 1678 1066 1710 mit
1083 1678 1154 1708 dein
1172 1677 1317 1708 anderen
1336 1676 1483 1708 dieselbe

814 1723 954 1755 Person.
971 1741 1015 1746 -—
1032 1725 1145 1762 nocte,
1169 1733 1195 1754 s.
1220 1721 1256 1761 8,
1281 1721 1340 1763 23,
1364 1721 1416 1752 15.
1448 1738 1484 1743 —

815 1769 917 1800 sibi-
934 1768 1031 1808 dicit,
1055 1778 1080 1799 s.
1109 1768 1165 1807 10,
1189 1767 1218 1808 3,
1243 1766 1278 1798 3:
1304 1768 1368 1799 sibe·
1389 1766 1481 1808 legit,

815 1814 1023 1854 gewo‘hnlich
1041 1823 1103 1844 nur
1120 1812 1239 1844 dicere.

862 1897 932 1935 2³2.
968 1903 1023 1934 1-
1040 1902 1071 1934 3.
1102 1905 1190 1934 eoetr.
1207 1913 1240 1945 p.
1262 1900 1313 1942 C„
1338 1911 1364 1934 s.
1384 1911 1410 1932 c.
1430 1900 1482 1938 21,

817 1949 848 1982 8.
867 1967 911 1972 -
928 1949 1175 1991 quibuscumq.,
1198 1947 1279 1978 auch
1303 1947 1354 1977 die
1372 1946 1484 1977 senio-

817 2005 881 2035 res,
897 2004 993 2025 wenn
1012 1994 1061 2025 sie
1079 1993 1168 2024 nicht
1182 1991 1343 2024 erkrankt
1359 2001 1484 2023 waren.

816 2059 856 2063 —
878 2051 923 2072 esc
939 2049 1021 2079 aer„
1039 2038 1069 2079 3,
1089 2037 1142 2078 69,
1161 2037 1191 2070 8.
1205 2056 1248 2060 -
1265 2037 1390 2068 altiora
1406 2036 1439 2075 l.,
1458 2046 1485 2075 c,

820 2085 876 2126 17,
909 2084 960 2116 11.
985 2102 1029 2107 —
1052 2083 1120 2115 alta
1144 2095 1171 2115 e.
1195 2094 1258 2122 m,
1288 2082 1415 2113 Fidena
1433 2082 1487 2121 lag

817 2129 876 2163 auf
894 2130 967 2161 dem
988 2128 1273 2168 unzugiingliehen
1292 2126 1399 2167 Hiigel
1422 2137 1485 2158 von

818 2175 931 2208 Castel
949 2174 1101 2207 Giubileo
1126 2174 1192 2205 und
1210 2173 1314 2204 eineui
1333 2183 1397 2203 von
1416 2172 1485 2202 ‹lie-

819 2232 888 2253 sem
912 2220 1032 2252 o'stlich
1056 2220 1258 2260 gelegenen,
1278 2218 1342 2249 und
1367 2227 1436 2248 war
1454 2218 1484 2248 in

820 2267 879 2298 der
888 2264 982 2298 Tiefe
1000 2265 1167 2296 zwischen
1182 2264 1298 2295 beiden
1319 2262 1412 2293 stark
1431 2262 1487 2292 be-

820 2310 947 2351 festigt.
973 2328 1017 2333 —
1041 2321 1126 2353 cop.,
1160 2319 1233 2340 zum
1262 2307 1486 2346 Ueberssusse,

819 2356 1021 2388 reichliclien
1054 2354 1256 2395 Gebrauche,
1289 2352 1388 2392 h'zingt
1421 2362 1485 2382 von

818 2401 951 2434 abunde
967 2399 1162 2443 sufficiebat
1176 2399 1230 2438 ab,
1256 2398 1318 2428 wie
1341 2399 1486 2428 necessi-

820 2449 884 2479 tatz·
899 2457 963 2478 von
982 2448 1067 2478 satis
1084 2445 1219 2487 suffia,
1237 2443 1303 2483 vgl.
1323 2442 1406 2473 Plin.
1427 2442 1487 2483 Ep.

819 2493 856 2531 4,
879 2492 935 2533 12,
960 2492 994 2522 5:
1019 2493 1169 2533 quamvis
1186 2487 1318 2520 abunde
1334 2487 1489 2529 sufficiat

818 2537 867 2569 illi
881 2542 966 2575 etc.;
985 2537 1026 2568 ib.
1049 2537 1083 2575 1,
1101 2535 1160 2573 24,
1179 2534 1210 2564 4.
1229 2551 1271 2556 -—
1290 2544 1334 2564 em
1351 2535 1430 2564 anie
1447 2542 1488 2573 c.,

820 2583 861 2614 da
877 2592 950 2614 man
975 2582 1044 2613 sich
1061 2581 1183 2612 vorher
1206 2579 1366 2609 versehen
1384 2578 1488 2617 hatte,

821 2628 859 2669 5,
878 2627 935 2667 26,
954 2626 993 2658 9:
1020 2636 1094 2658 cum
1108 2625 1333 2667 frumentum
1355 2625 1487 2666 copiae-
