1698 2864
618 258 745 291 LIBER
770 258 823 291 111.
874 259 968 291 CAP.
986 259 1018 292 9.
1466 265 1518 304 19.

104 278 131 296 ιι.
152 270 206 296 ch.
226 270 288 297 462.

104 367 248 416 patreS,
286 374 334 401 ne
358 360 583 400 absentibus
614 360 839 400 consulibus
867 361 1001 411 iugum
1030 362 1266 413 acciperent,
1302 370 1460 404 senatus
1494 379 1516 405 a

103 419 296 471 praefecto
313 417 420 457 urbis
436 418 482 465 Q.
497 417 616 456 Fabio
633 423 809 466 vocatur3
826 417 890 469 qui
907 418 1001 456 adeo
1019 419 1200 457 atrociter
1216 420 1255 458 in
1271 422 1514 472 rogationem

101 477 339 526 latoremque
368 474 499 525 ipsum
527 479 587 513 est
605 474 792 520 invectus,
814 480 858 513 ut
877 474 990 520 nihil,
1021 474 1054 512 si
1075 475 1188 513 ambo
1212 477 1391 516 consules
1413 478 1515 517 infe—

101 532 150 571 sti
183 531 480 570 circumstarent
513 530 733 579 tribunum,
768 531 945 570 relictum
980 530 1175 570 minarum
1209 537 1324 583 atque
1351 536 1511 573 terroris

100 588 169 627 sit:
201 587 424 626 insidiatum
459 598 549 626 eum
578 593 616 626 et
642 592 820 638 tempore
847 592 958 638 capto
987 588 1167 627 adortum
1194 600 1277 627 rem
1305 589 1510 640 publicam.

100 645 134 684 si
155 656 271 696 quem
294 644 457 683 similem
480 644 562 683 eius
584 644 716 695 priore
736 656 840 683 anno
861 644 959 683 inter
979 644 1165 683 morbum
1186 644 1407 696 bellumque
1427 646 1513 685 irati

100 701 151 740 dii
171 700 369 740 tribunum
391 700 600 748 dedissent,
621 712 702 739 non
723 701 902 752 potuisse
923 700 1020 740 sisti.
1056 701 1225 740 mortuis
1244 701 1396 741 duobus
1415 714 1513 741 con-

99 757 266 804 sulibus,
295 757 438 796 iacente
468 769 579 808 aegra
609 757 759 796 civitate
784 757 824 795 in
852 758 1082 797 conluvione
1110 757 1289 797 omnium
1310 771 1442 797 rerum
1465 759 1512 798 ad

97 813 311 852 tollendum
339 813 393 852 rei
414 813 587 864 publicae
611 814 816 853 consulare
838 814 1044 866 imperium
1065 815 1234 854 laturum
1257 815 1358 866 leges
1378 815 1513 862 fuisse,

98 870 235 909 ducem
253 870 400 908 Volscis
417 870 637 922 Aequisque
658 871 705 909 ad
727 871 1029 921 oppugnandam
1047 871 1183 910 urbem
1200 872 1389 910 futurum.
1420 872 1511 923 quid

96 925 284 966 tandem?
315 926 366 964 illi
387 938 467 965 non
486 927 618 974 licere,
648 927 680 966 si
702 928 793 978 quid
816 928 995 966 consules
1017 928 1184 978 superbe
1206 929 1247 967 in
1268 928 1433 978 aliquem
1455 929 1511 968 ci-

95 984 200 1021 vium
221 988 286 1021 aut
306 983 508 1022 crudeliter
528 984 708 1028 fecerint,
731 984 832 1022 diem
856 984 994 1030 dicere,
1018 996 1199 1023 accusare
1220 984 1266 1022 iis
1289 984 1386 1035 ipsis
1410 985 1511 1023 iudi-

95 1039 219 1085 cibus,
241 1051 408 1090 quorum
429 1039 468 1077 in
489 1039 655 1090 aliquem
678 1040 867 1078 saevitum
885 1038 964 1078 sit‘?
994 1051 1076 1078 non
1093 1040 1198 1078 illum
1216 1041 1420 1079 consulare
1436 1041 1509 1079 im-

93 1094 244 1145 perium
273 1095 341 1133 sed
363 1095 606 1134 tribuniciam
628 1101 862 1146 potestatem
884 1096 1046 1135 invisam
1070 1096 1430 1148 intolerandamque
1450 1098 1509 1137 fa-

94 1163 191 1199 cere,
214 1163 330 1202 quam
351 1151 538 1203 placatam
559 1153 921 1203 reconciliatamque
942 1152 1116 1203 patribus
1139 1153 1185 1192 de
1206 1153 1354 1204 integro
1376 1154 1416 1193 in
1438 1166 1509 1193 an-

92 1207 198 1259 tiqua
225 1208 346 1258 redigi
373 1209 484 1248 mala.
524 1221 650 1260 neque
677 1209 785 1247 illum
808 1221 849 1248 se
872 1209 1089 1260 deprecari,
1113 1222 1189 1260 quo
1211 1210 1341 1248 minus
1362 1218 1508 1261 pergat,

93 1269 136 1302 ut
165 1265 354 1315 coeperit:
396 1269 531 1311 „vos“
555 1265 681 1316 inquit
700 1265 864 1311 Fabius,
895 1266 1045 1312 „ceteri
1066 1266 1231 1312 tribuni,
1263 1279 1440 1314 oramus,
1467 1273 1509 1306 ut

92 1320 263 1370 primum
286 1321 461 1359 omnium
484 1322 657 1371 cogitetis
679 1327 912 1373 potestatem
933 1322 1046 1360 istam
1068 1322 1116 1361 ad
1139 1322 1382 1372 singulorum
1401 1325 1508 1362 auxi-

94 1376 199 1421 lium,
222 1388 303 1415 non
324 1377 370 1414 ad
392 1377 603 1426 perniciem
625 1379 896 1417 universorum
920 1383 1183 1430 comparatam
1202 1391 1307 1427 esse3
1328 1380 1507 1419 tribunos

90 1431 214 1481 plebis
246 1443 315 1469 vos
346 1437 495 1470 creatos
523 1445 604 1472 non
632 1434 765 1473 hostes
793 1435 980 1485 patribus.
1028 1434 1142 1473 nobis
1170 1435 1378 1484 miserum,
1407 1436 1505 1476 invi-

91 1487 246 1526 diosum
264 1487 372 1527 vobis
390 1494 450 1527 est
466 1488 661 1529 desertam
678 1503 760 1529 rem
779 1491 972 1542 publicam
990 1491 1129 1530 invadi.
1161 1503 1242 1530 non
1259 1492 1318 1531 ius
1332 1498 1506 1532 vestrum

92 1543 159 1582 sed
188 1543 369 1583 invidiam
396 1545 628 1585 minueritis.
668 1547 767 1598 agite
789 1560 877 1587 cum
900 1548 1062 1598 collega,
1088 1553 1131 1587 ut
1150 1560 1232 1587 rem
1254 1548 1445 1600 integram
1469 1550 1507 1588 in

89 1690 216 1720 henden
236 1690 546 1731 Senatsbeschluss‚
565 1691 628 1723 wie
646 1691 685 1733 2,
704 1693 759 1733 56,

89 1734 120 1765 2.
138 1752 183 1758 —
199 1738 340 1767 senatus
359 1740 434 1775 etc.,
456 1736 484 1776 1,
499 1736 554 1776 59,
570 1737 600 1768 7.
619 1755 662 1760 ——
678 1738 762 1770 m'lzz'l

89 1780 283 1821 (minarum)
303 1782 336 1811 se·
350 1792 381 1812 n.
397 1783 516 1823 quibus
536 1784 664 1814 terrere
678 1794 758 1827 pos-

87 1827 178 1862 sent,
203 1827 236 1856 sl
251 1830 331 1866 etc.,
355 1827 422 1865 vgl.
441 1826 477 1865 8,
503 1826 563 1868 30,
582 1827 611 1858 5.
630 1845 675 1851 —
693 1831 758 1860 cir-

87 1873 308 1910 cumstarent,
322 1871 374 1902 die
383 1870 551 1903 Tribunen
563 1874 756 1905 erscheinen

86 1915 158 1946 also
182 1915 223 1946 im
247 1915 388 1955 Senate,
417 1917 498 1948 aber
521 1918 604 1948 ohne
630 1928 671 1949 an
696 1920 756 1950 der

85 1959 322 2002 Verhandlung
339 1960 435 1993 Theil
453 1973 494 1993 zu
513 1963 667 2005 nehmen,
693 1974 756 1996 nur

84 2015 138 2037 um
153 2016 195 2037 zu
208 2007 329 2046 hb'ren3
349 2012 421 2038 erst
435 2008 514 2039 nach
529 2008 601 2039 dem
616 2008 755 2040 Decem-

84 2051 193 2082 virale
222 2052 358 2083 nahmen
389 2053 436 2084 sie
465 2053 684 2094 regelmiissig
713 2064 754 2086 an

86 2096 148 2126 den
171 2096 468 2138 Scnatssitzungen
492 2099 647 2138 Antheil,
671 2109 698 2131 s.
724 2111 752 2131 o.

86 2139 139 2178 69,
157 2141 188 2171 5.
205 2159 248 2164 —
266 2143 340 2173 eius
358 2143 420 2174 wie
439 2154 466 2174 c.
486 2142 544 2184 64,
564 2143 599 2175 8:
624 2144 753 2177 decem-

85 2195 248 2217 vcrorum.

131 2229 241 2262 8-10.
272 2234 444 2274 potuisse,
467 2233 499 2264 in
518 2234 624 2265 oratio
642 2240 751 2267 recta:

81 2277 206 2319 potnit.
224 2294 267 2299 -
284 2279 379 2318 sisti,
397 2277 434 2316 2,
454 2277 511 2319 29,
531 2278 561 2310 8.
579 2297 623 2302 —
640 2282 694 2312 rei
705 2291 751 2324 p.,

82 2321 290 2361 gewobnlich
310 2323 399 2354 steht
420 2322 471 2354 bei
490 2323 605 2355 tollere
622 2336 652 2366 e,
677 2335 703 2357 s.
723 2337 750 2357 c.

87 2366 138 2406 15,
157 2365 194 2405 33
215 2367 244 2407 7,
264 2367 316 2408 21,
338 2368 364 2406 1,
390 2368 471 2399 oder
495 2368 551 2407 de3
576 2369 675 2401 allein
698 2381 752 2403 um

84 2412 145 2443 den
162 2411 258 2443 Staat
271 2412 321 2444 als
337 2413 511 2453 betheiligt
524 2414 751 2447 darzustellen

84 2456 208 2488 konnte
222 2457 259 2488 L.
278 2460 359 2490 auch
377 2459 437 2489 den
459 2459 555 2490 Dativ
574 2459 750 2499 brauchen,

83 2512 109 2533 S.
137 2501 204 2534 Cic.
229 2502 325 2535 Verr.
350 2503 386 2545 3,
412 2504 465 2543 97,
491 2504 573 2535 226:
599 2505 681 2546 quid
702 2509 754 2538 est

83 2549 170 2578 enim
178 2546 304 2590 Sicilia,
313 2550 345 2580 si
354 2552 386 2580 ei
396 2551 476 2591 agri
487 2550 664 2582 cultionem
677 2562 754 2583 sus-

84 2592 226 2624 tuleris?
239 2594 279 2624 ib.
294 2595 325 2631 4,
344 2594 382 2625 12
394 2619 402 2634 ,
419 2594 470 2634 29,
488 2594 617 2637 Zumpt,
631 2596 698 2636 vgl.
713 2596 750 2628 L.

85 2636 114 2677 1,
131 2637 159 2678 1,
178 2637 212 2669 1:
230 2641 418 2677 abste'nere;
435 2639 465 2681 3,
481 2640 534 2681 67,
548 2641 752 2683 41azzferre.

81 2684 174 2714 -si
196 2684 277 2726 quid
304 2689 378 2726 etc,
408 2685 459 2716 die
488 2685 633 2718 Consuln
658 2688 752 2719 seien

832 1694 1120 1726 verantwortlich.
1163 1714 1206 1718 —-
1240 1705 1419 1737 accusare,
1453 1697 1505 1728 die

831 1740 1006 1770 wirkliche
1021 1739 1187 1780 Anklage,
1206 1740 1291 1773 diem
1311 1741 1434 1782 dicet-e,
1452 1742 1503 1773 die

830 1784 1076 1825 Aukiindigung
1090 1785 1278 1823 derselben,
1300 1786 1330 1824 2,
1347 1786 1400 1826 35,
1416 1787 1447 1818 2.
1461 1805 1506 1810 —

830 1830 1504 1874 z'c‘szpsz's,weilsolcheAnklagendainals,

830 1884 857 1906 s.
883 1885 911 1905 c.
933 1875 987 1915 56,
1007 1874 1037 1916 2,
1062 1885 1123 1906 vor
1145 1876 1208 1907 den
1227 1875 1502 1908 Tributcomitien

829 1919 1035 1960 angebracht
1058 1921 1205 1952 werden.
1239 1921 1304 1952 Das
1331 1922 1502 1962 Anklage-

828 1966 923 1996 recht
937 1964 1173 1997 derTribunen
1189 1967 1273 1997 wird
1282 1967 1352 1998 also
1365 1967 1505 1998 hieran-

828 2010 971 2041 erkannt
996 2010 1132 2050 (licere),
1156 2010 1268 2052 Lange
1294 2011 1325 2048 2,
1345 2010 1441 2044 490f.
1458 2031 1503 2036 ——

825 2055 1011 2098 placatam,
1037 2056 1073 2094 2,
1098 2055 1158 2096 60,
1186 2055 1221 2096 3,
1249 2057 1326 2087 weil
1344 2058 1494 2088 mehrere

827 2101 939 2141 Jahre,
954 2111 980 2132 s.
997 2111 1024 2131 c.
1043 2101 1072 2141 1,
1087 2101 1139 2132 die
1155 2101 1411 2142 Streitigkeiten
1430 2103 1503 2141 (au-

829 2147 921 2188 tz'qua
934 2145 1034 2185 mala)
1050 2147 1171 2186 geruht
1185 2147 1300 2178 haben.
1318 2165 1363 2170 —-
1379 2148 1499 2190 rede'gv',

827 2202 854 2223 s.
874 2191 913 2223 Z.
932 2191 950 2232 ξ
969 2191 1046 2223 603.
1065 2210 1109 2213 -
1126 2192 1231 2233 illum,
1251 2192 1279 2233 2,
1299 2193 1352 2233 57,
1372 2192 1402 2224 3.

876 2236 1008 2267 11-12.
1041 2247 1099 2268 vos
1117 2236 1303 2276 etc.1‚13,
1318 2237 1357 2270 3:
1377 2237 1430 2276 38,
1445 2237 1498 2277 52,

827 2280 858 2313 6.
876 2282 921 2304 —ss
936 2284 1086 2324 primum
1105 2292 1169 2313 om.
1185 2283 1248 2313 soll
1265 2283 1316 2313 die
1333 2282 1498 2323 Wichtig-

826 2326 896 2358 keit
919 2327 1139 2367 bezeichnen,
1170 2328 1260 2359 nicht
1283 2328 1333 2359 ein
1359 2329 1497 2359 zweites

826 2371 974 2404 Moment
997 2372 1224 2404 vorbereiten.
1247 2391 1290 2395 -—-
1314 2373 1359 2404 ml
1379 2375 1499 2416 perni-

826 2419 926 2458 ciem,
945 2428 972 2449 s.
991 2417 1022 2457 2,
1042 2417 1096 2457 56,
1118 2417 1171 2449 12.
1187 2436 1232 2440 --
1251 2420 1423 2458 tribunos,
1446 2419 1497 2449 als

825 2463 937 2494 solche
978 2463 1049 2493 sind
1089 2464 1136 2494 sie
1169 2462 1406 2502 Verlheidiger
1437 2464 1498 2494 der

824 2507 940 2547 Plebs,
973 2508 1015 2539 im
1050 2507 1261 2548 Gegensatze
1296 2519 1335 2538 zu
1369 2508 1496 2538 hostes.

822 2552 942 2584 Dieser
959 2554 1024 2584 und
1043 2553 1102 2584 der
1119 2551 1198 2592 folg.
1215 2553 1293 2584 Satz
1313 2553 1385 2583 sind
1404 2553 1494 2583 chia-

823 2599 943 2639 stisch,
968 2599 1028 2629 wie
1047 2608 1074 2629 c.
1097 2598 1154 2636 10,
1182 2599 1211 2628 1.
1234 2616 1274 2619 —
1305 2608 1370 2628 reon
1394 2598 1448 2628 ius
1473 2616 1495 2619 —

822 2645 1026 2683 mae'necerz'tz's,
1045 2653 1081 2674 es
1100 2643 1183 2673 wird
1201 2643 1268 2673 sich
1289 2642 1414 2683 zcigen,
1434 2643 1494 2673 der

822 2687 942 2729 Erfolg
965 2689 1048 2720 wird
1073 2688 1203 2725 lehren,
1228 2688 1304 2718 dass
1329 2697 1360 2718 u.
1385 2697 1411 2718 s.
1438 2698 1491 2726 ψ,

1178 2743 1195 2764 ί)
1210 2743 1224 2758 ῃ

1542 1052 1582 1083 10

1542 1278 1576 1310 11

1539 1448 1577 1480 12
