1698 2864
58 253 84 274 a.
106 246 160 271 Ch.
179 245 242 270 402.
262 245 325 270 401.
559 234 687 268 LIBER
712 234 753 267 V.
803 233 896 266 CAP.
917 235 969 266 10.

1380 237 1462 276 279

170 337 209 376 L.
232 336 381 376 Valerio
402 336 531 375 Potito
554 340 733 387 quartum
754 336 803 375 M.
826 335 942 375 Furio
962 336 1119 376 Camillo
1142 338 1280 377 iterum
1298 337 1364 377 M'.
1382 337 1457 377 Ae-
1489 339 1541 377 10

55 394 160 432 milio
184 394 377 432 Mamerco
397 393 554 431 tertium
576 392 643 431 Cn.
663 392 840 431 Cornelio
859 392 983 430 Cosso
1008 393 1147 432 iterum
1169 394 1211 433 K.
1230 394 1347 433 Fabio
1366 396 1462 433 Arn-

55 450 171 488 busto
199 450 239 488 L.
268 449 363 488 Iulio
393 449 473 487 Iulo
508 449 675 488 tribunis
711 448 874 487 militum
900 449 1093 487 consulari
1120 455 1314 500 potestate
1341 451 1461 489 multa

56 505 162 545 domi
184 505 415 556 militiaeque
436 510 551 556 gesta.
586 518 676 543 nam
698 509 736 543 et
750 504 889 543 bellum
907 504 1103 555 multiplex
1119 505 1191 544 fuit
1206 506 1341 544 eodem
1359 511 1459 545 tem·
1490 514 1510 545 2

55 574 169 612 pore,
201 561 247 600 ad
269 562 383 600 Veios
418 566 455 600 et
483 562 528 600 ad
553 562 746 612 Capenam
777 566 815 599 et
840 561 886 599 ad
908 560 1078 599 Falerios
1108 567 1144 599 et
1165 562 1203 599 in
1226 562 1392 608 volscis,
1419 567 1462 600 ut

54 619 188 656 Anxur
215 618 261 656 ab
283 618 462 656 hostibus
483 622 797 668 recuperaretur,
826 622 863 655 et
882 617 1028 655 Romae
1049 617 1164 656 simul
1185 617 1322 656 dilectu
1345 618 1462 655 simul
1491 624 1510 655 3

54 673 201 712 tributo
225 674 459 713 conferendo
481 674 696 712 laboratum
718 678 788 720 est,
812 678 849 711 et
870 673 915 711 de
931 673 1098 712 tribunis
1114 673 1214 723 plebi
1232 674 1462 724 cooptandis

57 730 254 769 contentio
285 730 374 778 fuit,
403 735 439 768 et
466 730 567 768 haud
592 742 753 780 parvum
774 733 924 767 motum
949 730 1025 768 duo
1049 729 1186 768 iudicia
1209 742 1368 775 eorum,
1398 729 1462 780 qui

55 786 169 836 paulo
197 791 284 825 ante
315 786 509 825 consulari
537 791 730 837 potestate
750 786 921 831 fuerant,
953 786 1134 824 excivere.
1178 785 1353 824 omnium
1376 786 1461 836 pri-
1490 794 1511 825 4

55 854 163 880 mum
190 843 356 881 tribunis
384 843 549 881 militum
577 842 651 881 fuit
672 842 850 881 dilectum
873 841 1023 888 haberi,
1054 854 1126 880 nec
1145 841 1318 880 iuniores
1341 841 1460 879 modo

56 898 286 949 conscripti,
316 899 383 937 sed
407 899 581 938 seniores
603 899 718 937 etiam
742 898 862 937 coacti
884 897 1042 936 nomina
1065 898 1172 943 dare,
1203 903 1245 936 ut
1266 897 1372 936 urbis
1395 910 1460 935 cu-

56 954 222 993 stodiam
252 960 421 1004 agerent.
464 960 650 1006 quantum
679 959 807 993 autem
835 953 1043 1003 augebatur
1070 953 1233 991 militum
1263 965 1462 999 numerus,
1492 962 1511 993 5

54 1014 162 1049 tanto
199 1011 345 1050 maiore
378 1012 541 1062 pecunia
569 1011 608 1048 in
637 1010 874 1060 stipendium
906 1021 1006 1059 opus
1036 1014 1136 1055 erat,
1171 1021 1289 1059 eaque
1315 1009 1460 1047 tributo

55 1066 324 1105 conferebatur
358 1067 486 1105 invitis
523 1066 814 1105 conferentibus
844 1064 908 1115 qui
939 1064 1045 1103 domi
1072 1064 1342 1111 remanebant,
1375 1064 1462 1114 quia

53 1122 253 1161 tuentibus
276 1122 411 1161 urbem
435 1135 552 1174 opera
573 1134 729 1173 quoque
750 1120 903 1159 militari
919 1121 1177 1159 laborandum
1195 1120 1461 1159 serviendum-

55 1190 128 1230 que
149 1179 204 1217 rei
225 1178 398 1230 publicae
419 1184 510 1217 erat.
547 1179 638 1217 haec
658 1190 728 1229 per
748 1190 790 1216 se
812 1177 952 1227 gravia.
989 1177 1282 1227 indignioraque
1297 1181 1340 1215 ut
1355 1176 1460 1215 vide-
1493 1187 1513 1218 6

102 1296 250 1340 10—12,
277 1301 307 1332 3.
332 1300 448 1332 Itinere
473 1300 721 1333 Verbiiltnisse.

103 1346 131 1378 1.
163 1346 492 1384 Valerio-Camillo,
511 1356 537 1377 s.
560 1346 588 1384 1,
608 1345 644 1384 23
661 1345 721 1376 Ca-

793 1298 915 1338 begriff
926 1308 987 1329 nur
1000 1298 1169 1337 andeutet‚
1188 1298 1246 1329 mit
1259 1296 1337 1338 folg.
1356 1301 1463 1338 tanto,

794 1354 821 1376 s.
836 1343 866 1384 6,
882 1342 935 1381 38,
955 1343 992 1381 53
1012 1343 1065 1382 27,
1080 1342 1203 1384 47,11,
1218 1343 1286 1382 vgl.
1301 1343 1333 1382 3,
1355 1343 1404 1382 15,
1424 1342 1461 1381 23

54 1391 163 1423 miuus
189 1392 271 1422 wird
299 1391 330 1421 in
357 1392 418 1421 den
444 1389 521 1422 fasti
540 1390 616 1431 Cap.
636 1391 720 1421 ohne

53 1438 177 1468 iterum
205 1434 397 1476 angefiihrt,
430 1436 540 1466 dieses
569 1436 641 1466 also
671 1435 721 1465 als

56 1482 114 1512 das
139 1485 230 1512 erste
248 1479 520 1520 Hriegstribunat
545 1479 721 1511 desselben

55 1526 254 1566 betracbtet,
274 1536 300 1557 s.
319 1536 346 1557 c.
369 1525 401 1563 13
427 1525 475 1556 14.
510 1524 623 1565 Meum,
644 1536 670 1556 c.
693 1525 720 1555 1.

58 1571 209 1603 Cornelco
227 1571 259 1601 iu
279 1571 339 1601 den
356 1569 494 1610 fem,
513 1580 549 1601 so
568 1571 644 1601 dass
663 1570 723 1601 der

55 1616 92 1648 L.
120 1616 156 1654 4,
186 1615 228 1646 58
252 1627 283 1646 u.
302 1615 340 1646 61
373 1620 538 1655 genannte
568 1615 722 1646 derselbe

57 1661 116 1699 ἱεῖς
134 1660 239 1693 Fabio
253 1661 333 1692 eben
349 1660 498 1691 daselbst
513 1659 556 1700 ll,
577 1660 643 1700 s.4,
662 1660 722 1698 613

56 1707 201 1746 dagegeu
226 1706 270 1736 ist
287 1705 394 1737 lulius
416 1705 634 1736 verschieden
658 1715 723 1736 von

57 1751 128 1782 dem
147 1761 174 1783 c.
195 1751 208 1781 1
237 1751 441 1782 erwiihnten.

103 1815 121 1846 2
139 1834 162 1838 —-
179 1815 209 1847 3.
242 1815 288 1847 ad
307 1815 385 1858 Cap.
404 1814 497 1846 etad
512 1814 597 1853 Fal„
618 1815 723 1845 davon

56 1861 102 1892 ist
129 1861 252 1892 vorber
285 1861 391 1891 nichts
426 1860 607 1898 bericbtet3
642 1860 724 1891 doch

57 1906 111 1946 lag
129 1916 164 1936 es
183 1906 282 1947 nahe,
312 1906 388 1936 dass
406 1905 500 1936 beide
520 1904 647 1936 Vo‘iker
665 1905 723 1935 be—

58 1949 217 1990 schiiftigt
233 1951 369 1981 wurden
388 1960 439 1981 um
459 1950 507 1980 sie
525 1949 723 1980 abzuhalten

57 1995 135 2036 Veji
158 1994 254 2026 Hiilfe
278 2006 318 2026 zu
343 1995 493 2035 bringen.
516 2012 560 2017 —
584 1996 724 2032 Anoeur,

59 2051 87 2071 c.
117 2040 147 2071 8.
169 2057 214 2062 -
243 2042 385 2079 tributo,
419 2041 528 2071 dieses
558 2040 725 2071 erscheint

54 2085 145 2126 jetzt
161 2085 211 2116 als
230 2084 348 2125 Quelle
367 2085 426 2116 der
438 2084 647 2125 Verarmung
665 2085 724 2115 der

58 2130 168 2161 Plebs.
185 2147 230 2152 —
246 2130 435 2161 laboratum
452 2131 519 2168 est,
542 2139 613 2160 man
633 2130 724 2161 hatte

59 2176 160 2207 damit
192 2175 284 2205 seine
313 2173 417 2214 Nou»,
455 2174 577 2205 konnte
609 2174 723 2206 beides

58 2220 155 2251 kaum
179 2230 220 2251 zu
244 2220 368 2250 Stande
398 2219 546 2258 bringen.
565 2236 609 2242 —-
626 2230 725 2262 coop-

60 2265 181 2304 tundis,
200 2264 229 2306 3,
247 2264 299 2306 64,
316 2264 346 2295 9.
365 2282 411 2287 -—
427 2274 544 2296 eorum
562 2265 629 2305 qui,
647 2275 674 2296 c.
693 2264 723 2304 8,

60 2310 178 2349 9311,
201 2310 233 2340 4.
251 2327 297 2332 -—
313 2319 403 2341 cons.
420 2320 471 2352 p.,
490 2319 518 2340 c.
538 2308 573 2347 2,
599 2309 636 2348 9,
662 2311 725 2341 iri-

60 2356 142 2387 huni
154 2354 299 2386 militum
320 2355 365 2386 ist
382 2353 653 2385 hinzuzudenken
672 2354 724 2386 od.

59 2398 278 2440 ausgefallen.

107 2467 128 2498 4
144 2487 166 2490 -
184 2468 214 2499 5.
249 2470 411 2506 seniores,
436 2467 465 2504 3,
485 2467 516 2507 4,
537 2467 588 2498 10.
606 2485 650 2489 —
667 2477 728 2499 no-

61 2514 154 2544 mina
170 2512 252 2544 dare
269 2514 314 2544 ist
336 2513 438 2544 neben
458 2515 566 2544 coacti
580 2523 642 2543 nur
659 2513 727 2543 sich

63 2568 135 2589 zum
154 2556 405 2598 Rriegsdieuste
423 2558 556 2597 stenen,
580 2567 606 2588 s.
626 2557 656 2599 3,
674 2557 727 2599 57,

63 2602 101 2641 93
120 2602 187 2643 vgl.
206 2613 232 2634 c.
253 2603 289 2642 7,
310 2602 360 2634 13.
381 2621 424 2626 —
441 2605 604 2645 quantam
620 2602 726 2634 neben

63 2647 170 2679 einem
187 2647 320 2690 Worte,
339 2649 396 2679 das
414 2648 476 2679 den
496 2647 726 2689 Comparativ-

794 1388 846 1429 32,
866 1390 896 1428 5,
919 1388 945 1418 1.
962 1406 1005 1410 -—
1022 1387 1180 1431 stipend„
1199 1387 1229 1426 2,
1248 1387 1276 1429 9,
1297 1387 1326 1419 6.
1341 1406 1384 1410 —
1400 1390 1464 1419 tri-

795 1436 873 1465 buto
892 1443 936 1473 c.,
955 1432 990 1472 6,
1013 1432 1068 1472 14,
1095 1432 1151 1464 12:
1171 1434 1296 1464 tributo
1314 1432 1462 1465 collatio-

793 1489 869 1509 nem
892 1479 1050 1520 saetam,
1083 1477 1176 1509 Suet.
1206 1478 1290 1518 Aug.
1319 1477 1378 1508 30:
1409 1480 1466 1519 qui

795 1522 885 1555 XVI
905 1523 997 1554 milia
1017 1522 1128 1566 pondo
1151 1541 1174 1545 —
1190 1533 1258 1554 mla
1282 1522 1464 1554 donatione

795 1568 991 1601 contulerit:
1017 1568 1068 1598 die
1095 1567 1360 1607 XViederholung
1384 1577 1462 1598 con-

785 1614 974 1655 serebatur
990 1631 1012 1634 —
1029 1613 1294 1654 conserentibus,
1313 1622 1340 1643 s.
1358 1612 1389 1651 4,
1408 1611 1461 1653 61,

796 1658 831 1689 8:
862 1668 948 1697 arx,
974 1658 1102 1688 scheint
1120 1668 1149 1688 a.
1169 1668 1200 1688 u.
1219 1657 1268 1688 St.
1288 1657 1464 1688 beabsich-

796 1704 867 1743 tigt,
894 1713 920 1734 s.
941 1702 971 1742 3,
991 1702 1044 1742 37,
1069 1703 1107 1740 43
1126 1702 1157 1742 2,
1177 1702 1229 1743 47,
1254 1702 1310 1740 1ος
1331 1702 1464 1742 Madvig

795 1748 875 1779 liest
893 1748 1142 1789 conficiebatur,
1171 1757 1241 1777 was
1260 1747 1405 1786 sogleicb
1432 1747 1463 1777 in

796 1793 939 1824 anderer
962 1793 1155 1831 Bedeutung
1179 1791 1274 1831 solgt.
1291 1809 1334 1814 —
1353 1794 1410 1833 qui
1431 1792 1463 1823 d.

797 1848 957 1874 remam„
978 1837 1126 1877 obgleich
1140 1837 1250 1868 dieses
1264 1837 1344 1867 auch
1359 1837 1466 1867 iunio-

798 1893 853 1914 res
872 1883 942 1914 sein
969 1882 1132 1920 konnten,
1157 1882 1208 1912 die
1232 1882 1354 1921 gerade
1374 1881 1464 1912 nicht

798 1928 947 1967 dienten,
972 1937 1008 1958 so
1033 1927 1135 1958 denkt
1152 1926 1188 1958 L.
1207 1927 1301 1967 doch,
1325 1926 1388 1957 wie
1406 1925 1427 1967 ξ
1444 1926 1464 1956 4

797 1983 828 2003 u.
854 1973 873 2003 9
900 1983 975 2003 cum
998 1973 1152 2014 confecta
1182 1976 1244 2002 etc.
1271 1971 1377 2011 zeigt,
1406 1971 1462 2002 be—

798 2018 939 2048 sonders
967 2027 1007 2048 an
1033 2018 1201 2050 seniores:
1233 2017 1324 2048 diese
1350 2016 1465 2047 hiitten

797 2063 855 2094 das
874 2062 1032 2093 tributum
1051 2073 1092 2093 zu
1111 2062 1244 2101 zahlen,
1263 2072 1290 2092 s.
1309 2061 1341 2101 4,
1361 2060 1414 2101 60,
1432 2061 1465 2091 4.

796 2125 841 2130 -
858 2107 1137 2148 serviendumque
1162 2111 1243 2146 etc„
1273 2106 1466 2145 Erkliirung

797 2163 861 2184 von
882 2163 1003 2196 opera:
1036 2153 1142 2183 indem
1167 2152 1216 2182 sie
1242 2151 1272 2182 in
1292 2151 1351 2182 der
1369 2150 1466 2182 stadt

797 2196 1052 2237 Rriegsdienste
1086 2197 1216 2235 thaten,
1249 2197 1382 2227 dienten
1416 2196 1464 2226 sie

798 2244 869 2274 dem
888 2243 1003 2274 Stante
1032 2243 1115 2273 auch
1144 2241 1351 2284 perstinlich,
1381 2250 1407 2270 s.
1434 2240 1463 2280 4,

801 2288 855 2326 60,
873 2287 908 2318 2:
925 2290 1112 2331 operatum.

844 2332 920 2364 6—7.
947 2335 1072 2374 gravia
1088 2343 1118 2362 n.
1135 2333 1241 2367 eraut,
1257 2329 1311 2368 24,
1326 2329 1357 2369 4,
1371 2328 1406 2359 2:
1427 2339 1466 2360 ea

797 2380 901 2419 aetas,
915 2378 950 2409 id
962 2379 1152 2419 ingenium,
1169 2375 1198 2415 3,
1215 2374 1267 2413 64,
1282 2374 1338 2412 1ος
1355 2374 1394 2405 ib.
1415 2373 1465 2415 16,

800 2422 830 2454 3.
848 2441 892 2445 -
912 2422 1187 2464 z'ndIgviioraque,
1217 2420 1281 2450 wie
1310 2430 1371 2460 que
1399 2419 1466 2450 bis-

799 2468 918 2498 weilen
938 2468 1030 2499 einen
1055 2477 1175 2507 neuen,
1205 2465 1265 2496 den
1283 2465 1465 2503 vorberge-

799 2513 926 2544 henden
947 2511 1192 2544 erweiternden
1208 2509 1387 2541 Gedanken
1405 2518 1464 2538 an—

800 2556 934 2599 kniipst,
959 2567 985 2588 s.
1004 2556 1040 2596 4,
1061 2555 1116 2596 17,
1139 2556 1194 2586 11;
1220 2554 1399 2595 collesque3
1420 2553 1462 2584 ib.

800 2603 860 2644 20,
878 2602 913 2633 3:
932 2603 1183 2642 aver-teramum
1202 2599 1243 2630 ib.
1264 2599 1322 2639 40,
1340 2598 1376 2629 2:
1396 2598 1464 2630 Fu-

800 2649 956 2689 ba‘usque3
988 2647 1022 2687 5,
1046 2644 1106 2685 26,
1134 2645 1189 2676 10:
1215 2643 1463 2685 videbaturque.
