1698 2864
87 213 179 239 a.ch.
200 212 262 238 418.
531 201 661 234 LIBER
686 202 742 236 IV.
784 203 878 235 CAP.
897 204 949 235 46.
977 205 1035 236 47.

86 306 187 358 quod
221 305 429 357 plurimum
463 304 682 343 animorum
711 304 819 350 fecit,
855 304 1021 343 dictator
1048 319 1092 344 ex
1122 312 1277 345 senatus
1308 306 1485 346 consulto

87 363 210 402 dictus
234 362 279 408 Q.
302 360 482 400 Servilius
505 360 677 409 Priscus,
699 361 765 409 vir,
789 361 898 400 cuius
922 361 1202 411 providentiam
1221 363 1259 401 in
1276 375 1316 401 re
1333 363 1485 414 publica

88 431 172 458 cum
208 418 337 456 multis
373 416 454 455 aliis
489 417 786 467 tempestatibus
815 422 901 456 ante
929 423 1083 467 experta
1111 418 1239 457 civitas
1269 424 1368 466 erat,
1402 425 1485 458 tum

86 478 226 513 eventu
245 474 326 512 eius
349 473 445 520 belli,
464 473 568 523 quod
593 474 657 511 uni
679 479 873 512 certamen
893 473 1140 512 tribunorum
1158 480 1384 525 suspectum
1402 481 1487 514 ante

83 543 164 569 rem
193 529 291 568 male
317 534 463 580 gestam
490 529 627 568 fuerat.
669 531 854 581 magistro
882 530 1055 580 equitum
1085 535 1231 576 creato,
1263 544 1282 568 a
1306 544 1380 581 quo
1403 532 1486 582 ipse

83 585 237 624 tribuno
270 586 433 624 militum
463 585 626 624 dictator
655 592 736 625 erat
763 587 908 632 dictus,
937 586 1014 624 filio
1045 598 1117 624 suo
1146 610 1200 629 ÷
1229 592 1271 624 ut
1296 587 1487 626 tradidere

83 642 257 693 quidam:
280 654 370 681 nam
391 642 450 680 alii
463 642 621 681 Ahalam
647 643 850 682 Servilium
872 642 1100 692 magistrum
1122 642 1295 693 equitum
1318 655 1362 681 eo
1385 655 1485 682 anno

81 699 203 737 fuisse
227 699 400 737 scribunt
418 721 473 725 ——
494 711 594 736 novo
619 700 786 738 exercitu
802 699 999 750 profectus
1018 699 1064 737 ad
1080 699 1234 744 bellum,
1256 699 1399 745 accitis,
1422 699 1485 749 qui

84 755 239 793 Tusculi
271 759 395 802 erant,
424 754 499 793 duo
529 755 630 794 milia
660 768 820 806 passum
849 755 894 794 ab
926 756 1038 794 hoste
1066 755 1194 794 locum
1217 756 1351 794 castris
1375 756 1485 807 cepit.

86 811 311 850 Transierat
339 824 381 849 ex
403 823 443 849 re
465 811 564 850 bene
585 817 691 861 gesta
714 812 895 863 superbia
916 812 1230 862 neglegentiaque
1251 812 1297 850 ad
1319 812 1486 862 Aequos,

84 879 180 918 quae
215 867 254 906 in
276 867 462 905 Romanis
493 867 652 906 ducibus
683 869 818 907 fuerat.
866 868 996 918 itaque
1023 869 1151 919 primo
1181 868 1308 906 statim
1338 868 1484 918 proelio

84 935 171 962 cum
201 924 365 962 dictator
392 924 561 974 equitatu
589 924 752 963 inmisso
783 924 1058 974 antesignanos
1088 924 1260 962 hostium
1282 925 1486 971 turbasset,

81 980 276 1030 legionum
299 980 387 1018 inde
409 981 516 1030 signa
537 980 669 1019 inferri
690 993 855 1031 propere
877 980 999 1027 iussit,
1021 980 1325 1030 signiferumque
1342 993 1387 1018 ex
1405 981 1485 1019 suis

80 1047 202 1074 unum
225 1040 468 1074 cunctantem
491 1036 642 1074 occidit.
684 1042 813 1075 tantus
836 1036 952 1074 ardor
973 1037 1019 1074 ad
1042 1036 1304 1074 dimicandum
1326 1036 1417 1083 fuit,
1443 1042 1486 1075 ut

79 1092 269 1142 impetum
291 1091 413 1142 Aequi
433 1103 514 1130 non
535 1092 702 1142 tulerint,
725 1092 889 1142 victique
912 1092 991 1131 acie
1014 1105 1100 1130 cum
1121 1092 1210 1142 fuga
1227 1092 1346 1131 effusa
1363 1092 1483 1142 petis-

81 1153 170 1186 sent
189 1152 334 1193 castra,
362 1147 514 1186 brevior
534 1153 711 1199 tempore
733 1154 771 1187 et
791 1149 998 1187 certamine
1019 1148 1149 1186 minor
1170 1154 1387 1187 castrorum
1412 1162 1484 1200 op-

82 1204 265 1255 pugnatio
294 1204 382 1249 fuit,
417 1217 529 1254 quam
552 1205 744 1255 proelium
765 1205 900 1244 fuerat.
944 1205 1064 1256 captis
1088 1205 1325 1255 direptisque
1347 1205 1482 1243 castris

84 1273 170 1299 cum
193 1260 380 1310 ‘praedam
410 1261 572 1299 dictator
600 1261 708 1300 militi
737 1261 1014 1307 concessisset,
1050 1262 1247 1311 secutique
1275 1261 1485 1311 fugientem

83 1329 127 1355 ex
160 1316 294 1355 castris
317 1317 470 1355 hostem
493 1317 639 1367 equites
661 1318 949 1357 renuntiassent
971 1329 1107 1356 omnes
1129 1317 1341 1356 Labicanos
1363 1318 1484 1356 victos

81 1384 259 1423 magnam
280 1374 437 1422 ¹j'partem
457 1373 680 1424 Aequorum
702 1374 863 1412 Labicos
891 1373 1131 1423 confugisse,
1161 1379 1319 1424 postero
1350 1374 1409 1412 die
1437 1375 1483 1412 ad

80 1428 243 1467 Labicos
266 1429 401 1467 ductus
425 1430 636 1476 exercitus,
661 1430 925 1481 oppidumque
949 1442 1094 1468 corona
1117 1430 1350 1468 circumdata
1372 1431 1483 1468 scalis

81 1489 236 1535 captum
259 1497 302 1523 ac
323 1485 517 1536 direptum
541 1492 610 1525 est.
654 1487 818 1525 dictator
840 1487 1004 1525 exercitu
1022 1487 1167 1525 victore
1184 1487 1346 1525 Romam
1366 1487 1482 1525 redu-

82 1546 160 1586 cto,
188 1541 246 1579 die
275 1546 426 1589 octavo,
455 1554 569 1592 quam
599 1548 748 1582 creatus
772 1549 872 1592 erat,
902 1543 1130 1593 magistratu
1153 1556 1194 1581 se
1216 1543 1420 1588 abdicavit;
1448 1548 1484 1581 et

130 1708 167 1738 10
181 1708 269 1740 -11.
303 1709 415 1740 de'ctat.
434 1709 524 1750 dict„
544 1720 571 1742 s.
590 1709 618 1751 3,
638 1710 691 1751 50,
710 1710 745 1741 3:

80 1764 276 1797 respersus:
296 1754 377 1785 iiber
394 1754 445 1785 die
466 1755 566 1786 Wahl
585 1766 611 1788 e.
630 1755 688 1796 31,
712 1756 744 1787 4.

79 1817 121 1821 ——
137 1801 197 1837 vir,
216 1801 319 1840 cuius,
338 1810 364 1830 s.
386 1799 413 1839 l,
432 1799 484 1831 44.
502 1799 533 1833 4.
542 1819 582 1823 —
598 1803 745 1844 suspect.

78 1823 250 1886 -Ῐαειῖαἰ,
271 1854 307 1875 81·
327 1845 416 1875 batte
435 1845 542 1876 nichts
558 1844 662 1877 Gutes
680 1856 745 1876 von

80 1889 268 1920 demselben
285 1894 455 1929 elwartet,
474 1900 510 1921 es
525 1900 594 1921 wai
607 1891 671 1922 111111
689 1901 747 1931 ge-

78 1931 219 1965 fam-heb
239 1935 452 1974 erschienen,
472 1945 498 1966 s.
519 1935 578 1976 21,

78 1981 238 2021 manzo-ir.
256 1990 322 2021 eq„
342 1989 367 2010 5.
385 1990 412 2010 8.
432 1978 490 2021 31,
508 1980 539 2011 5.
557 1998 601 2003 -—
618 1984 743 2018 creato,

81 2023 140 2064 27,
159 2023 220 2063 34,
238 2024 268 2055 3.
286 2042 330 2047 —
347 2024 493 2056 Ahalam
511 2023 621 2065 Sena,
644 2036 670 2057 8.
693 2026 743 2063 14,

81 2067 112 2099 6.
144 2068 236 2099 Auch
255 2070 336 2100 nach
357 2070 418 2100 den
436 2068 514 2101 fasti
533 2070 610 2112 Cap.
630 2082 658 2112 p.
678 2070 742 2101 427

80 2113 125 2144 ist
153 2114 242 2144 nicht
270 2114 328 2145 der
357 2114 445 2145 Sohu
474 2115 532 2146 des
562 2116 743 2156 Dictatoes,

81 2158 224 2189 sondern
251 2158 285 2191 C.
310 2157 508 2199 (Servilius)
536 2160 572 2199 Q.
592 2161 630 2203 f.
657 2160 690 2193 C.
709 2172 743 2193 η.

80 2203 198 2235 Axilla
215 2218 236 2229 =
252 2203 379 2245 Ahala,
399 2214 426 2235 5.
444 2215 472 2235 8.
491 2205 548 2246 45,
576 2205 594 2236 5
606 2230 614 2244 ,
639 2207 743 2246 magi-

81 2252 152 2280 ster
175 2248 338 2290 equitum3
369 2249 428 2280 der
451 2249 538 2280 Sohu
562 2251 686 2282 miisste
704 2251 744 2283 P.

80 2303 114 2325 n.
131 2294 196 2324 und
214 2294 354 2325 Priscus
369 2294 514 2325 heissen.

127 2332 195 2370 47·
229 2338 247 2369 2
261 2357 283 2361 —
297 2338 328 2370 3.
354 2340 465 2380 itaque
482 2344 564 2378 eto,
593 2345 676 2372 statt
693 2341 744 2372 die

79 2382 207 2424 Folgen
225 2384 284 2415 der
300 2384 579 2425 Nachlassigkeit,
596 2386 658 2417 wie
675 2387 744 2417 ita—

81 2439 143 2470 que
173 2434 340 2460 erwarten
369 2430 470 2469 l'asst‚
499 2429 743 2473 anzukniipfen,

81 2474 160 2512 geht
173 2473 209 2505 L.
230 2474 376 2515 sogleich
395 2486 436 2506 zu
454 2454 512 2506 der
527 2476 744 2517 Scbilderung

82 2518 200 2550 (1855811
230 2519 330 2559 iiber,
360 2530 429 2551 was
459 2531 521 2551 von
541 2520 653 2552 Seiten
685 2522 744 2553 der

81 2561 199 2595 Ramer
226 2565 407 2604 geschicht.
424 2583 468 2588 —
485 2577 545 2605 eoe,
571 2566 601 2597 in
628 2565 742 2608 Folge,

81 2608 170 2640 steht
186 2610 267 2641 auch
290 2610 349 2641 mit
373 2612 560 2643 transierat
577 2611 606 2642 in
627 2611 743 2643 Bezie-

819 1711 917 1750 hung.
934 1729 978 1733 --
996 1712 1146 1753 equitatu
1164 1713 1260 1752 inm„
1279 1721 1304 1742 5.
1324 1710 1362 1751 3,
1382 1710 1434 1749 70,
1452 1711 1484 1741 4.

818 1774 863 1778 —
891 1758 1123 1798 a7zte.crg·11a11.,
1158 1767 1184 1787 c.
1220 1755 1277 1795 37,
1313 1755 1363 1787 11.
1410 1755 1486 1787 inde

819 1801 958 1832 braucbt
975 1801 1012 1832 L.
1032 1801 1202 1832 bisweilen
1215 1824 1223 1839 ,
1241 1811 1293 1831 um
1312 1805 1416 1831 etwas
1434 1801 1483 1831 als·

818 1844 1034 1885 nachfolgend
1051 1846 1258 1877 bestimmter
1275 1856 1315 1876 zu
1333 1845 1485 1877 bezeich-

819 1901 891 1931 nen,
910 1901 936 1923 s.
955 1890 985 1929 S,
1010 1891 1121 1929 9,12;
1147 1891 1200 1931 21,
1225 1890 1333 1931 43,1;
1359 1890 1410 1932 38,
1430 1890 1483 1930 39,

819 1936 856 1974 5ς
875 1936 943 1976 vgl.
964 1935 999 1975 3,
1018 1936 1078 1975 61,
1098 1937 1135 1974 ῖς
1155 1936 1219 1975 22,
1244 1935 1304 1975 30,
1331 1935 1357 1966 1.
1375 1937 1483 1967 —sz'—

815 1982 996 2023 gng'ferum
1015 1986 1090 2023 etc.,
1109 1981 1161 2012 bei
1178 1981 1250 2012 dem
1264 1980 1398 2020 Angriff
1412 1985 1483 2012 ste-

819 2027 879 2057 hen
900 2027 950 2057 die
965 2026 1100 2058 Fahnen
1119 2027 1149 2057 in
1168 2027 1227 2057 der
1244 2030 1356 2057 ersten
1375 2025 1482 2057 Linie.

817 2089 862 2094 —
879 2071 982 2103 ardor
1000 2071 1052 2112 ad,
1078 2081 1105 2103 s.
1124 2070 1178 2111 26,
1197 2071 1227 2109 6,
1247 2071 1284 2101 7:
1309 2070 1414 2103 ardor
1430 2072 1484 2102 in-

815 2128 902 2158 gens
919 2116 964 2148 ad
984 2117 1115 2148 hostem
1139 2115 1398 2158 insequendum3
1428 2116 1482 2153 44,

817 2161 871 2202 36,
891 2160 925 2192 3:
944 2161 1048 2194 ardor
1060 2161 1139 2193 —ad
1155 2161 1398 2203 ditm'candum,
1416 2162 1482 2202 vgl.

818 2218 844 2238 8.
864 2206 918 2246 25,
938 2207 968 2238 7.

862 2252 883 2283 4
899 2271 921 2274 -
938 2251 969 2283 6.
1003 2263 1118 2284 omnes
1141 2251 1178 2283 L.
1205 2252 1293 2283 steht
1316 2251 1347 2282 in
1372 2251 1482 2291 Bezug

816 2295 876 2328 auf
892 2308 1054 2338 magnam
1076 2308 1108 2341 p.
1132 2297 1197 2327 und
1222 2297 1266 2327 ist
1289 2307 1329 2327 zu
1358 2297 1481 2338 confu-

813 2344 910 2384 gisse
938 2353 979 2373 zu
1008 2342 1134 2374 zieben.
1173 2344 1294 2377 victos,
1326 2341 1480 2372 nachdem

817 2387 865 2418 sie
884 2387 1012 2427 besiegt
1030 2387 1132 2427 581811,
1151 2387 1232 2417 nach
1246 2385 1481 2417 ihrerNieder-

815 2432 900 2472 lage.
919 2450 964 2455 —
981 2443 1105 2464 corona
1124 2442 1169 2471 c.‚
1189 2442 1215 2462 8.
1239 2430 1294 2470 19,
1315 2429 1352 2469 8,·
1372 2430 1409 2470 2,
1428 2431 1481 2470 25,

816 2477 847 2508 4:
862 2480 976 2509 castra
985 2477 1171 2518 legionibus
1179 2475 1395 2507 circumdatis
1403 2486 1479 2518 eap-

816 2525 869 2561 ta3
884 2522 913 2560 3,
930 2522 983 2561 28,
996 2522 1027 2559 23
1042 2521 1095 2561 30,
1112 2521 1162 2562 19,
1177 2520 1206 2551 8:
1220 2521 1483 2563 hincpatreln'nc

816 2567 933 2599 Catulo
948 2567 1047 2598 lateri
1058 2565 1289 2597 circumdatis.
1299 2584 1338 2587 —
1356 2568 1482 2606 octavo,

815 2622 841 2644 s.
857 2622 883 2643 c.
900 2612 953 2653 34,
973 2613 1008 2650 53
1029 2611 1059 2651 3,
1079 2611 1130 2653 29,
1149 2611 1187 2649 6;
1206 2620 1315 2653 quam,
1333 2609 1362 2653 3,
1379 2609 1431 2653 33,
1452 2611 1482 2642 1.

1405 206 1484 245 231
1521 255 1525 258 .

1518 538 1555 570 11

1518 709 1556 740 12

1515 815 1568 854 47
