1698 2864
119 576 154 608 11

672 240 799 272 LIBER
817 240 857 274 V.
905 239 998 272 CAP.
1016 240 1047 271 5.
1065 239 1096 271 6.
1425 253 1451 271 a.
1473 254 1500 271 u.
1522 247 1588 272 351.

186 246 267 284 270

190 353 269 385 tum
293 344 456 389 dederis,
479 342 602 381 maior
621 342 935 392 frequentiorque
955 341 1092 391 legatio
1114 340 1212 379 itura
1234 340 1293 387 sit,
1311 351 1396 378 cum
1414 338 1464 385 id,
1483 339 1587 389 quod

169 401 292 441 'nunc
309 399 468 439 offendit
480 399 678 442 Etruscos,
696 410 761 435 rex
779 403 928 436 creatus
944 397 1041 443 Veis,
1059 397 1198 435 mutari
1215 396 1339 447 spatio
1358 395 1587 445 interposito

189 458 312 509 possit
332 457 387 494 vel
409 467 604 494 consensu
626 454 804 500 civitatis,
828 458 869 492 ut
890 466 935 492 eo
958 453 1204 492 reconcilient
1223 452 1398 491 Etruriae
1419 451 1584 499 animos,

187 515 242 553 vel
264 513 385 564 ipsius
403 512 597 550 voluntate
614 510 726 560 regis,
751 510 815 560 qui
834 509 987 548 obstare
1003 521 1165 559 regnum
1184 521 1299 548 suum
1318 507 1428 547 saluti
1446 507 1586 546 civium

188 568 310 609 nolit?
343 569 476 613 videte,
498 571 592 617 quot
611 578 685 613 reS‚
709 578 821 617 quam
843 566 996 604 inutiles
1019 569 1230 616 sequantur
1250 565 1349 603 illam
1372 564 1470 602 viam
1492 575 1587 601 con-

188 627 281 672 silii,
310 625 452 664 iactura
482 635 644 674 operum
672 626 779 661 tanto
806 622 936 660 labore
962 622 1173 667 factorum,
1202 621 1364 659 vastatio
1393 619 1586 658 inminens

189 683 323 721 finium
357 685 602 726 nostrorum,
638 679 847 716 Etruscum
882 678 1022 716 bellum
1050 690 1123 728 pro
1157 677 1311 715 Veiente
1343 675 1586 714 concitatum.

189 740 282 777 baec
309 741 418 785 sunt,
446 735 608 780 tribuni,
639 734 797 773 consilia
819 739 964 781 vestra,
993 745 1073 772 non
1094 733 1248 772 hercule
1271 731 1470 770 dissimilia
1491 743 1534 769 ac
1554 730 1587 769 si

189 795 274 846 quis
305 805 437 843 aegrO,
469 791 532 842 qui
562 791 684 829 curari
709 804 750 829 se
771 790 924 829 fortiter
945 802 1085 841 passus
1109 789 1299 840 extemplo
1323 787 1587 827 convalescere

189 850 323 901 possit,
347 849 418 887 cibi
440 848 557 898 gratia
579 847 791 898 praesentis
813 851 878 886 aut
899 846 1068 898 potionis
1090 845 1343 896 longinquum
1367 849 1404 882 et
1422 843 1586 882 forsitan

190 905 436 951 insanabilem
460 903 640 942 morbum
663 903 840 941 efficiat.“

298 961 382 1008 ,‚Si,
404 973 465 998 me
487 960 570 997 dius
588 960 716 998 fidius.
740 960 785 998 ad
805 959 878 997 hoc
893 958 1032 997 bellum
1051 957 1146 996 nihil
1163 956 1385 1008 pertineret,
1408 955 1453 994 ad
1471 955 1589 994 disci-

187 1018 329 1069 plinam
354 1022 453 1055 certe
474 1016 631 1053 militiae
652 1016 865 1065 plurimum
888 1015 1069 1053 intererat
1091 1014 1310 1051 insuescere
1331 1012 1492 1050 militem
1514 1023 1588 1049 no-

190 1079 312 1112 strum
341 1084 421 1110 non
450 1072 576 1109 solum
604 1076 733 1121 parata
758 1071 914 1108 victoria
936 1071 1029 1115 frui,
1061 1070 1147 1115 sed,
1175 1069 1206 1107 si
1229 1069 1341 1107 etiam
1364 1080 1426 1105 res
1448 1068 1587 1106 lentior

189 1130 255 1174 sit,
283 1128 359 1179 pati
387 1128 556 1166 taedium
586 1131 623 1164 et
650 1127 822 1177 quamvis
846 1139 952 1164 serae
974 1125 1056 1176 spei
1077 1125 1220 1164 exitum
1242 1128 1442 1175 expectare
1470 1129 1524 1169 et,
1554 1124 1587 1162 si

188 1197 267 1223 non
295 1185 345 1223 sit
373 1188 514 1222 aestate
543 1182 755 1232 perfectum
786 1182 947 1229 bellum,
979 1182 1146 1220 hiemem
1175 1180 1343 1231 opperiri
1370 1192 1458 1226 nec,
1489 1180 1588 1218 sicut

188 1241 349 1279 aestivas
378 1252 463 1277 aves
492 1238 618 1276 statim
650 1244 834 1276 autumno
863 1243 960 1276 tecta
987 1250 1030 1276 ac
1058 1249 1253 1275 recessum
1277 1235 1585 1285 circumspicere.

188 1297 349 1335 obsecro
372 1307 460 1333 vos:
487 1294 649 1332 venandi
671 1294 841 1332 studium
863 1307 905 1332 ac
926 1293 1101 1343 voluptas
1123 1293 1302 1331 homines
1325 1304 1393 1343 per
1414 1292 1521 1330 nives
1544 1303 1588 1330 ac

188 1352 345 1403 pruinas
372 1352 410 1389 in
438 1355 591 1388 montes
617 1350 804 1400 silvasque
833 1350 951 1401 rapit,
980 1349 1065 1388 belli
1093 1348 1388 1388 necessitatibus
1411 1361 1494 1386 eam
1517 1360 1587 1398 pa-

186 1408 355 1447 tientiam
378 1418 457 1445 non
480 1406 758 1452 adhibebimus,
780 1419 893 1457 quam
916 1406 971 1444 vel
988 1406 1096 1444 lusus
1116 1418 1159 1444 ac
1176 1405 1349 1455 voluptas
1368 1404 1502 1442 elicere
1519 1417 1587 1442 so-

187 1463 265 1503 let?
288 1464 434 1502 adeone
451 1461 663 1501 effeminata
681 1474 844 1512 corpora
864 1462 1027 1500 militum
1046 1466 1271 1499 nostrorum
1291 1473 1374 1499 esse
1392 1466 1585 1511 putamus,

188 1521 281 1558 adeo
306 1520 438 1557 molles
461 1519 631 1564 animos,
662 1524 704 1556 ut
726 1519 889 1556 hiemem
913 1530 1027 1556 unam
1050 1518 1189 1556 durare
1210 1517 1248 1555 in
1271 1517 1423 1562 castris,
1451 1516 1587 1554 abesse

189 1576 233 1615 ab
255 1577 371 1614 domo
394 1587 471 1613 non
495 1573 675 1625 possint?
706 1580 747 1612 ut
767 1579 962 1624 tamquam
985 1574 1116 1612 navale
1133 1573 1273 1611 bellum
1290 1572 1585 1623 tempestatibus

190 1632 387 1682 captandis
416 1636 454 1669 et
475 1631 714 1668 observando
736 1635 911 1681 tempore
933 1630 1022 1668 anni
1046 1634 1195 1680 gerant,
1223 1641 1304 1667 non
1326 1634 1476 1674 aestus,
1506 1640 1587 1666 non

188 1688 328 1738 frigora
346 1688 421 1737 pati
441 1685 626 1736 possint?
648 1686 876 1725 erubescant
892 1686 1080 1738 profecto,
1104 1686 1135 1723 si
1153 1685 1236 1736 quis
1253 1685 1305 1723 eis
1322 1685 1416 1723 haec
1433 1684 1586 1731 obiciat,

187 1808 252 1837 cr„
283 1798 341 1828 der
365 1796 522 1829 Umstand
551 1798 638 1828 dass.
657 1815 701 1819 —
725 1798 847 1837 inulz'l„

186 1853 289 1882 gegen
309 1843 368 1873 den
388 1841 535 1883 Nutzen,
565 1842 790 1881 verderfflich,
821 1853 847 1874 s.

186 1887 217 1925 3,
237 1887 288 1925 33,
308 1887 343 1924 ὃς
364 1887 430 1918 Cic.
450 1887 510 1918 Off.
526 1887 555 1923 2,
579 1887 629 1926 14,
648 1887 689 1918 49
708 1898 738 1918 u.
757 1897 786 1918 a.
805 1906 849 1910 —

187 1932 364 1963 dissimilia
381 1942 435 1971 ac,
461 1943 486 1962 s.
506 1933 544 1962 ad
564 1932 639 1962 Her.
660 1932 694 1971 3,
720 1932 756 1970 6,
791 1932 846 1963 12:

187 1976 365 2007 dissimiles
383 1995 404 1998 —
420 1979 518 2018 atque
540 1977 610 2014 7'Il63
636 1976 701 2007 Cic.
719 1977 789 2008 Att.
818 1977 846 2018 2,

188 2021 224 2060 3,
255 2021 289 2052 3:
318 2031 383 2052 71on
414 2021 577 2052 dissimile
605 2024 705 2063 atque
726 2024 786 2052 ire.
804 2039 849 2044 —-

187 2076 305 2105 aegrO,
331 2066 395 2104 vgl.
416 2066 482 2096 Cic.
501 2066 568 2097 Cat.
592 2066 626 2104 1,
654 2066 707 2106 13,
734 2066 786 2096 31.
806 2083 850 2088 —

185 2111 339 2150 fortiter,
358 2110 417 2140 mit
436 2110 728 2147 Enthaltsamkeit,
748 2111 849 2140 durch

188 2159 323 2193 strenge
344 2154 427 2184 Diiit.
448 2173 490 2176 —
508 2155 692 2196 eoetemph),
718 2165 753 2185 so
773 2156 848 2185 dass

188 2210 224 2229 er
243 2200 271 2229 in
291 2199 391 2229 naher
408 2198 561 2229 Aussiclit
579 2200 642 2229 bat.
658 2216 702 2221 ——
715 2200 779 2229 cibi
791 2209 847 2240 gr.

185 2254 256 2286 pr„
298 2244 357 2274 der
395 2244 675 2281 augenblieklicbe
710 2243 847 2284 Gcnuss,

188 2289 247 2319 den
274 2299 311 2319 er
335 2289 402 2319 sich
428 2289 516 2319 nicht
533 2287 585 2318 fiir
602 2288 695 2319 einen
714 2289 848 2328 Augen-

190 2333 276 2363 blirk
294 2343 455 2371 versagen
475 2333 571 2363 kann.

233 2373 272 2408 6.
320 2378 332 2408 1
354 2396 374 2399 —
393 2377 422 2408 3.
458 2377 496 2408 St
519 2389 572 2408 me
589 2383 650 2408 etc.
682 2377 771 2409 Nach
791 2378 849 2408 der

185 2422 432 2462 §Viclcrlcgung
473 2424 531 2453 der
565 2422 731 2453 Tribunen
766 2422 849 2453 liisst

177 2464 394 2498 derflltedner
424 2468 515 2498 scine
544 2468 679 2506 eigenen
706 2467 849 2505 Griinde,

177 2518 202 2539 s.
219 2519 245 2539 e.
264 2507 353 2560 4,‘Q,
373 2511 493 2551 folgen,
513 2513 672 2543 zuniiclist
687 2513 758 2548 den,
774 2514 850 2543 dass

177 2553 227 2583 ‘lie
248 2552 414 2596 80than
439 2559 505 2588 sich
533 2568 572 2588 an
592 2557 771 2597 Sirapazen
792 2568 849 2595 ge-

178 2599 313 2628 wiihneu
341 2599 494 2651 nlgpssen.
518 2621 561 2624 —
583 2605 720 2644 parala,
752 2602 851 2633 leiclit

176 2652 370 2682 gewonuen,
391 2647 506 2688 {leicht
524 2658 564 2678 zu
582 2648 766 2688 gewinnen,
784 2647 851 2686 vgl.

403 2690 410 2708 x

922 1808 949 1828 c.
974 1797 1000 1835 1,
1023 1797 1051 1828 1.
1067 1815 1111 1819 —
1126 1797 1171 1828 ad
1187 1797 1280 1836 disc„
1298 1794 1351 1828 fiir
1364 1807 1395 1828 u.
1412 1807 1437 1827 s.
1455 1806 1508 1837 w.,
1530 1806 1588 1837 ge-

921 1843 997 1873 hb'rt
1030 1853 1070 1873 zu
1102 1844 1286 1881 intererat,
1317 1852 1343 1873 s.
1377 1841 1428 1882 37,
1463 1841 1519 1881 13,
1550 1842 1585 1871 7:

921 1887 1009 1930 quod
1039 1888 1222 1930 plurimum
1252 1889 1416 1918 intererat
1444 1885 1489 1917 ad
1514 1888 1586 1917 ani-

920 1943 992 1963 mos
1010 1935 1210 1971 civitatium,
1231 1941 1259 1962 a.
1280 1942 1309 1961 u.
1329 1931 1377 1961 St.
1396 1929 1506 1961 sussen
1524 1932 1586 1961 wir

920 1980 1087 2008 intererat
1111 1975 1312 2007 conditional
1335 1973 1407 2013 auf,
1438 1975 1501 2006 wie
1526 1975 1584 2006 de-

921 2022 1018 2052 bebat
1034 2032 1065 2052 u.
1085 2021 1114 2051 ό.
1134 2040 1177 2043 —
1195 2022 1296 2052 etiam
1321 2021 1440 2059 geliiirt
1458 2030 1497 2050 zu
1515 2019 1584 2051 Ien-

923 2067 998 2097 tz'or.
1022 2084 1064 2088 —
1087 2076 1184 2097 serae
1212 2077 1240 2096 s.
1270 2076 1315 2103 e.‚
1345 2065 1404 2095 der
1429 2065 1585 2104 Ausgang

921 2111 1013 2141 einer
1045 2110 1112 2141 sich
1147 2110 1221 2151 spiit
1252 2108 1458 2140 erffillenden
1493 2109 1587 2140 Hoff-

920 2165 1016 2195 nung,
1039 2159 1122 2185 statt
1139 2156 1190 2186 die
1215 2155 1309 2196 spiite
1334 2153 1510 2194 Erfiillung
1525 2155 1585 2185 der

921 2200 970 2241 H„
986 2200 1049 2239 vgl.
1061 2200 1113 2240 21,
1127 2200 1178 2239 57,
1193 2200 1227 2230 6:
1243 2202 1404 2241 effectam
1417 2202 1499 2242 spel}
1518 2198 1585 2241 1,1,

920 2245 956 2275 4:
975 2246 1108 2276 maiora
1131 2246 1227 2276 initia
1250 2255 1378 2276 reram.
1395 2262 1438 2267 —
1454 2245 1584 2285 statim,

921 2290 1027 2328 gleich
1058 2290 1108 2320 bei
1135 2290 1207 2321 dem
1234 2290 1373 2321 Eintritt
1397 2290 1454 2320 des
1481 2288 1585 2320 Herb-

921 2339 1006 2375 stes,
1041 2336 1123 2366 ohne
1153 2346 1214 2365 nur
1241 2335 1302 2365 den
1324 2334 1458 2365 Winter
1482 2333 1585 2364 abzu-

921 2384 1112 2410 warten.—
1125 2379 1354 2417 2·enand17etc.‚
1369 2380 1420 2410 die
1430 2378 1585 2409 Schluss·-

921 2423 1004 2455 form
1033 2434 1051 2455 a
1074 2426 1198 2456 minore
1221 2426 1260 2456 ad
1286 2425 1388 2455 maius
1414 2423 1476 2454 wie
1501 2433 1527 2454 c.
1552 2423 1583 2462 4,

926 2469 979 2500 12:
1010 2479 1102 2500 wenn
1123 2471 1221 2500 schon
1239 2489 1261 2492 —
1279 2469 1455 2506 vielmebr,
1487 2468 1582 2498 oder:

924 2514 1024 2544 reisst
1054 2525 1114 2545 uns
1144 2513 1210 2545 sort
1231 2533 1253 2536 —
1280 2515 1344 2545 und
1373 2513 1434 2544 wir
1463 2512 1584 2543 sollteu

924 2560 1024 2590 nicht.

968 2604 988 2634 4
1002 2623 1022 2625 —
1037 2604 1068 2636 6.
1101 2604 1293 2647 captandis,
1313 2614 1338 2634 s.
1358 2602 1394 2643 3,
1415 2602 1472 2642 39,
1493 2602 1527 2640 ῖς
1554 2602 1583 2643 4,

924 2648 983 2689 29,
1009 2648 1038 2680 3.
1058 2666 1102 2671 —
1119 2651 1234 2681 aestus
1255 2667 1278 2670 —
1294 2649 1409 2690 friga,
1439 2647 1547 2678 heisse
1563 2663 1586 2668 —
