1698 2864
168 107 249 147 298
695 105 821 138 LlBER
837 105 874 139 ll.
901 106 994 140 CAP.
1012 106 1066 138 37.

1429 123 1453 141 ι.
1473 123 1502 142 ι.
1522 117 1583 144 268.

92 213 141 248 37
277 208 374 247 Ludi
396 220 514 259 quam
536 207 768 259 amplissimi
791 213 834 247 ut
854 209 1008 255 fierent,
1030 214 1188 247 senatus
1212 207 1398 247 decrevit.
1441 208 1490 246 ad
1512 220 1578 246 eos

120 273 139 306 2
165 265 275 304 ludos
305 270 464 303 auctore
493 264 598 303 Attio
629 264 755 303 Tullio
777 264 832 303 vis
855 276 993 314 magna
1016 265 1247 304 Volscorum
1278 263 1394 303 venit.
1449 263 1579 314 prius—

166 332 283 371 quam
319 320 664 359 eommitterentur
690 321 792 364 ludi,
817 321 988 366 Tullius,
1013 325 1055 359 ut
1077 321 1182 359 domi
1204 320 1468 371 compositum
1490 332 1580 359 cum

166 376 309 415 Marcio
332 377 471 422 fuerat,
495 377 543 415 ad
566 377 749 416 consules
769 378 894 422 venit3
917 377 1010 416 dicit
1033 390 1137 424 esse,
1169 390 1268 428 quae
1291 381 1444 415 secreto
1467 388 1579 427 agere

121 443 139 475 3
168 433 214 472 de
236 445 278 472 re
300 433 453 484 publiea
475 433 577 472 velit.
619 433 775 472 arbitris
797 433 960 472 remotis
978 433 1178 479 ,‚invitus“
1200 433 1339 484 inquit,
1364 433 1494 484 „quod
1517 445 1580 471 se-

166 490 281 540 quius
305 490 366 535 sit,
389 490 436 528 de
458 489 556 528 meis
580 488 730 528 civibus
763 491 913 541 loquor.
963 501 1044 527 non
1073 495 1205 528 tamen
1229 489 1444 528 admissum
1469 488 1579 539 quic-

119 556 140 587 4
165 558 284 596 quam
305 545 352 584 ab
375 546 422 584 iis
445 546 697 584 criminatum
714 547 841 589 venio,
861 546 928 584 sed
946 551 1117 591 cautum,
1136 558 1186 584 ne
1204 546 1424 584 admittant.
1459 545 1580 583 nimio

164 602 251 652 plus
273 614 391 652 quam
417 602 530 640 velim
553 607 782 641 nostrorum
806 602 963 652 ingenia
982 607 1076 640 sunt
1094 602 1265 641 mobilia.
1289 601 1421 640 multis
1440 601 1478 639 id
1502 602 1580 640 cla—

120 669 139 699 5
166 658 280 697 dibus
302 658 512 703 sensimus,
535 658 679 709 quippe
701 659 766 709 qui
785 670 867 698 non
885 663 1021 696 nostro
1038 658 1180 696 merito
1199 659 1267 697 sed
1285 663 1413 697 vestra
1430 658 1582 708 patien-

166 714 218 753 tia
240 714 458 752 incolumes
482 714 617 752 simus.
660 727 798 765 magna
820 715 883 753 hic
904 727 1012 753 nunc
1027 715 1258 753 Volscorum
1276 713 1486 752 multitudo
1505 718 1584 759 est3

119 782 139 813 6
164 770 245 809 ludi
268 776 378 815 sunt3
402 771 620 820 spectaculo
643 770 793 809 intenta
816 771 949 810 civitas
972 770 1056 808 erit.
1090 771 1264 816 memini,
1288 770 1380 821 quid
1402 782 1472 820 per
1490 781 1582 809 ean-

165 827 254 865 dem
277 827 520 865 occasionem
545 826 591 864 ab
616 827 851 866 Sabinorum
877 827 1079 865 iuventute
1109 827 1148 865 in
1177 828 1248 865 hac
1275 826 1374 865 urbe
1397 826 1582 865 commis-

165 895 251 921 sum
275 883 344 929 sit3
366 883 502 921 horret
524 884 689 928 animus,
714 897 763 922 ne
786 884 879 934 quid
901 883 1121 921 inconsulte
1144 896 1187 922 ac
1210 889 1358 922 temere
1379 883 1456 921 fiat.
1488 883 1584 921 haec

163 944 299 977 nostra
322 945 531 990 vestraque
555 951 665 979 causa
684 941 793 990 prius
812 940 975 979 dicenda
1001 939 1124 985 vobis,
1144 940 1337 985 consules,
1355 945 1463 977 ratus
1481 951 1581 977 sum.

120 1004 137 1034 7
166 995 269 1046 quod
294 995 339 1033 ad
363 1008 426 1034 me
455 996 612 1045 attinet,
644 997 839 1047 extemplo
870 996 963 1034 hinc
984 996 1144 1034 domurn
1168 996 1272 1034 abire
1294 996 1334 1034 in
1357 996 1488 1034 animo
1511 1001 1582 1039 est,

121 1060 139 1092 8
167 1064 216 1090 ne
239 1051 351 1090 cuius
375 1052 465 1090 sacti
487 1053 626 1091 dictive
649 1054 882 1102 contagione
906 1064 1092 1103 praesens
1115 1053 1276 1091 violer.“
1314 1052 1407 1090 haec
1429 1052 1581 1090 locutus

165 1107 270 1146 abiit.
321 1109 503 1147 consules
533 1121 622 1147 culn
651 1110 696 1147 ad
722 1115 852 1160 patres
883 1121 967 1147 rem
1003 1109 1158 1147 dubiam
1191 1109 1264 1147 sub
1294 1113 1453 1147 auctore
1475 1113 1581 1145 certo

166 1163 413 1209 detulissent,
436 1171 573 1203 auctor
594 1165 729 1215 magis,
752 1171 795 1204 ut
815 1165 870 1209 fit,
893 1177 1011 1216 quam
1033 1177 1096 1203 res
1119 1166 1162 1203 ad
1187 1164 1499 1215 praecavendum
1522 1163 1581 1202 vel

166 1233 210 1258 ex
233 1232 476 1270 supervacuo
496 1221 635 1267 movit,
655 1222 834 1272 factoque
850 1227 1011 1260 senatus
1030 1222 1222 1266 consulto,
1241 1227 1284 1259 ut
1305 1221 1446 1259 urbem
1468 1232 1583 1259 exce-

167 1277 305 1315 derent
337 1277 480 1321 Volsci,
514 1289 730 1328 praecones
761 1278 1027 1322 dimittuntur,
1051 1277 1116 1328 qui
1140 1290 1278 1316 omnes
1302 1290 1366 1316 eos
1389 1276 1583 1328 proficisci

117 1340 136 1371 9
164 1338 254 1372 ante
276 1339 431 1372 noctem
452 1334 647 1372 iuberent.
689 1334 825 1385 ingens
856 1346 976 1384 pavor
998 1334 1125 1384 primo
1148 1333 1403 1372 discurrentis
1424 1334 1469 1371 ad
1493 1345 1581 1371 suas

165 1450 247 1481 aber
260 1450 352 1481 nicht
371 1448 426 1480 fiir
444 1450 573 1488 immer,
593 1449 647 1491 21,
666 1450 765 1488 58,5.
914 1449 967 1490 23,
998 1449 1051 1488 35,
1084 1448 1144 1488 143
1176 1448 1230 1488 25,
1258 1448 1289 1487 2,
1316 1448 1346 1485 3,
1378 1448 1444 1488 vgl.
1479 1451 1508 1488 1,
1527 1448 1581 1487 53,

212 1488 273 1530 37.
304 1496 388 1526 1-4.
416 1497 510 1525 senat
527 1494 627 1535 decia,
653 1494 707 1525 die
726 1493 839 1535 Spiele
914 1495 952 1529 ὃς
994 1494 1051 1531 10,
1087 1494 1124 1532 4,
1160 1492 1222 1530 21;
1257 1493 1407 1533 h‘a'uliger
1437 1493 1503 1525 wie
1531 1493 1582 1525 bei

165 1541 302 1572 werden
321 1538 380 1570 auf
393 1539 628 1571 Staatskosten
648 1539 839 1570 veraustal-

165 1591 226 1617 tet.
244 1603 288 1607 —
305 1584 351 1616 ad
364 1595 418 1615 eos
436 1583 467 1624 1.,
487 1596 512 1615 5.
537 1585 563 1621 1,
582 1585 612 1623 9,
635 1586 669 1624 ῖς
697 1585 756 1615 das
777 1584 839 1615 Er-

165 1630 323 1663 scheinen
350 1629 407 1660 der
426 1629 573 1661 Volsker
600 1630 646 1661 ist
664 1631 747 1660 nach
766 1630 838 1660 dem

165 1687 193 1707 c.
205 1676 247 1706 34
263 1675 445 1706 Erz'zihlten
462 1675 595 1706 schwer
611 1685 651 1705 zu
666 1674 836 1706 erkliiren.

165 1738 208 1743 —
223 1719 314 1761 dicit,
329 1719 515 1759 c.16,7:de
527 1719 619 1762 publ.
630 1720 836 1761 —qzcodseq.

165 1777 204 1805 s.,
219 1770 337 1805 etwas,
348 1775 417 1796 was
431 1765 484 1795 als
500 1765 706 1805 mindergut,
722 1766 840 1796 ehren—

164 1811 238 1842 voll
256 1811 446 1841 betrachtet
463 1811 596 1841 werden
616 1809 759 1841 k'ounte:
786 1821 838 1841 se-

165 1857 265 1897 quius
290 1855 397 1886 bildet
419 1855 494 1886 hier
517 1855 578 1887 mit
595 1866 666 1886 esse
683 1855 740 1886 das
758 1854 838 1886 Prii-

166 1901 268 1939 dicat,
287 1900 337 1931 als
356 1899 489 1938 Adject.
510 1901 591 1931 oder
608 1901 837 1931 wahrscheiu-

165 1945 291 1984 licher,
321 1945 386 1976 wie
405 1945 512 1976 Plaut.
531 1945 618 1977 Men.
639 1947 669 1984 5,
696 1946 724 1984 7,
744 1946 784 1975 57
804 1956 835 1975 u.

165 2001 206 2029 a.,
227 1990 276 2021 als
294 1990 451 2029 A‹lve1·b.‚
471 1991 535 2021 wie
558 2000 586 2021 c.
612 1989 666 2030 25,
688 1990 722 2027 13
741 1993 837 2029 recte,

165 2037 303 2077 impune
327 2045 398 2064 esse
426 2045 457 2065 u.
475 2045 522 2068 aa
553 2039 648 2065 sonst
675 2035 776 2065 findet
801 2045 836 2065 es

167 2081 239 2111 sich
258 2080 289 2110 in
304 2080 363 2110 del·
378 2079 583 2110 classischen
596 2080 672 2110 Zeit
681 2079 838 2119 gewiihn—

166 2124 232 2156 lich
250 2135 313 2155 nur
330 2124 362 2154 in
387 2124 448 2155 den
468 2124 624 2155 Formeln
647 2123 756 2163 lzcmd,
786 2126 835 2154 ηἰ-

165 2169 244 2209 lzz'lo,
268 2180 305 2201 eo
322 2170 430 2200 secius
447 2180 478 2200 u.
496 2180 524 2200 a.
544 2187 586 2191 -—
603 2168 792 2200 admissam
810 2189 835 2193 -

166 2216 274 2254 crim„
297 2215 326 2253 1,
348 2216 397 2253 11,
417 2214 435 2243 6
453 2224 481 2244 a.
501 2214 538 2245 E.
554 2233 595 2236 —
613 2224 716 2255 qnam
743 2213 836 2245 velim

165 2259 263 2290 stellt
280 2258 339 2290 den
358 2257 523 2291 Vorwurf
537 2260 586 2290 als
604 2269 663 2290 aus
682 2260 742 2290 der
759 2259 837 2290 sub-

161 2304 314 2343 jectiven
327 2304 468 2335 Ansicht
486 2305 544 2334 des
564 2304 739 2335 Redenden
757 2305 837 2335 her-

165 2349 358 2388 vorgehend
392 2349 471 2387 dar,
505 2349 714 2389 gewijhnlich
753 2348 837 2380 fehlt

167 2393 423 2433 dieserZusatz,
442 2394 510 2433 vgl.
533 2395 561 2433 1,
580 2393 610 2431 2,
631 2395 659 2425 3.
672 2413 712 2416 --
722 2393 837 2425 multis

166 2439 344 2481 anticipirt
357 2439 411 2470 die
425 2439 582 2480 spiiteren
594 2437 835 2478 Erfahrungen,

169 2495 196 2515 c.
218 2484 272 2525 35,
291 2484 321 2516 8.

212 2529 287 2561 6-8.
314 2531 454 2572 spectac.
484 2530 553 2568 int„
583 2539 609 2560 5.
635 2529 688 2569 25,
719 2528 773 2569 31,
797 2528 835 2567 93

912 1538 1071 1570 friiheren
1085 1538 1291 1570 Prosaikeru
1308 1539 1367 1569 mit
1376 1538 1422 1569 ad
1437 1540 1520 1570 oder
1536 1540 1579 1569 z'n.

910 1603 933 1606 —
951 1583 1076 1619 Sabin„
1094 1595 1119 1615 s.
1139 1595 1166 1614 c.
1190 1584 1239 1623 18,
1265 1583 1295 1614 2.
1314 1601 1356 1605 —
1374 1585 1582 1625 contagione,

912 1630 980 1670 vgl.
1003 1631 1030 1669 1,
1053 1630 1104 1669 15,
1127 1630 1153 1660 1.
1172 1647 1214 1650 -
1228 1638 1390 1670 praesens
1407 1644 1421 1654 =
1438 1631 1469 1660 si
1483 1639 1582 1671 prae-

911 1686 987 1705 sens
1001 1675 1079 1715 sim,
1097 1684 1122 1705 s.
1141 1674 1193 1714 24,
1213 1673 1265 1711 29,
1284 1675 1436 1705 6.—sab
1450 1676 1583 1705 auctore

912 1731 937 1751 e.
950 1745 958 1760 ,
994 1724 1094 1750 unter
1130 1719 1189 1750 der
1214 1719 1360 1758 Angabe,
1400 1719 1581 1759 gleichsam

913 1765 984 1796 dem
1009 1764 1150 1795 Schutze
1176 1764 1269 1795 eines
1288 1782 1307 1786 Ἀ
1326 1764 1582 1795 Gewiihrsman-

913 1820 983 1849 nes,
1002 1810 1068 1849 vgl.
1087 1809 1141 1847 43,
1163 1808 1212 1845 16,
1233 1809 1266 1839 6:
1285 1809 1345 1840 suh
1361 1810 1502 1840 nomine.
1536 1807 1581 1839 Im

911 1854 1100 1894 Folgenden
1111 1853 1581 1894 chiastischelVortstellung.

910 1917 954 1922 —
970 1899 1031 1937 vel,
1055 1898 1162 1930 selbst
1178 1897 1233 1930 fiir
1256 1899 1317 1930 den
1338 1899 1424 1938 Fall,
1450 1900 1527 1930 dass
1545 1909 1580 1930 es

910 1944 1113 1983 iiherssiissig
1153 1945 1210 1982 (eoe
1249 1946 1466 1986 supervacuo)
1508 1944 1580 1975 sein

911 1990 1021 2021 sollte.
1072 1988 1138 2019 Der
1165 1988 1338 2020 Grebrauch
1374 1989 1431 2020 des
1457 1988 1581 2028 Adjec-

909 2035 977 2066 tivs
1015 2033 1097 2065 oder
1131 2034 1300 2075 Particips
1336 2035 1379 2065 im
1416 2033 1580 2066 Neutrum

909 2080 969 2111 mit
997 2089 1042 2110 εει·
1067 2079 1116 2109 als
1140 2079 1336 2110 adverbiale
1355 2079 1581 2119 Bestimmung

910 2125 956 2155 ist
986 2124 1050 2155 wie
1079 2124 1131 2155 bei
1150 2124 1310 2156 Dichtern
1341 2125 1443 2157 sehon
1470 2124 1521 2156 bei
1540 2123 1577 2154 L.

910 2170 1002 2201 nicht
1020 2169 1140 2208 selten,
1158 2179 1183 2200 s.
1207 2172 1232 2208 1,
1256 2170 1308 2208 25,
1333 2171 1369 2201 9ε
1400 2180 1447 2201 eoe
1469 2170 1579 2212 ‘inspe-

910 2217 1000 2254 rato3
1020 2213 1072 2251 33,
1089 2215 1140 2254 31,
1157 2215 1191 2245 4:
1211 2226 1255 2245 εει·
1270 2224 1365 2253 mmm
1385 2215 1438 2253 42,
1452 2215 1504 2254 25,
1523 2215 1579 2245 11:

908 2270 952 2291 ear
969 2269 1088 2300 aeq1103
1109 2259 1162 2297 25,
1182 2260 1235 2299 29,
1253 2260 1289 2291 9:
1318 2270 1362 2291 esc
1378 2261 1580 2302 praeparato

910 2315 939 2335 11.
952 2315 1029 2336 s.w.
1050 2322 1091 2326 -—
1109 2305 1235 2344 urbem,
1254 2316 1278 2336 s.
1302 2306 1328 2343 1,
1348 2306 1400 2343 29,
1418 2305 1457 2339 ὅς
1477 2305 1529 2344 23,
1550 2305 1580 2344 1,

911 2351 929 2381 3
948 2360 1016 2381 u.a.
1037 2367 1079 2371 —
1095 2359 1263 2392 praecon„
1283 2349 1409 2381 Becker
1420 2348 1579 2389 2‚2‚382.

955 2397 985 2426 9.
1024 2393 1166 2426 clas-eurr.
1185 2413 1206 2416 -
1224 2396 1257 2426 in
1287 2396 1391 2437 hosp„
1421 2394 1580 2426 wiihrend

909 2440 960 2471 sie
978 2451 1008 2471 u.
1029 2450 1052 2471 s.
1074 2449 1127 2479 w.,
1152 2440 1240 2470 steht
1260 2439 1428 2482 profici-30.
1455 2449 1579 2480 gegen-

910 2485 1007 2520 iiber;
1025 2484 1178 2524 obgleich
1192 2495 1264 2515 man
1281 2489 1449 2516 erwarteu
1466 2484 1577 2523 sollte,

909 2529 986 2561 dass
1012 2529 1071 2560 der
1089 2528 1276 2560 Schrecken
1307 2530 1411 2561 durch
1441 2529 1494 2561 die
1511 2529 1581 2560 An-
