1698 2864
80 233 106 251 a.
121 225 175 251 ch.
189 225 250 249 423.
543 211 668 244 LIBER
693 211 749 244 IV.
791 210 884 244 CAP.
901 211 955 244 38.
969 212 1022 244 39.

1399 212 1479 251 217
1513 253 1517 256 .

82 321 289 369 „parmata
311 316 452 355 cohors
473 314 576 353 sistit
595 314 783 366 impetum
805 313 991 359 hostium,
1013 318 1141 353 actum
1164 314 1210 353 de
1229 314 1392 365 imperio
1411 318 1481 353 est.

82 373 287 425 sequimini
318 384 390 423 pro
418 371 551 409 vexillo
575 370 773 422 cuspidem
796 381 944 415 meam3
974 370 1162 409 ostendite
1182 371 1369 409 Romanis
1392 370 1482 408 Vol-

81 431 234 480 scisque
260 440 385 479 neque
414 426 608 479 equitibus
638 426 748 465 vobis
777 425 876 464 ullos
904 425 1050 476 equites
1077 438 1150 465 nec
1179 427 1374 477 peditibus
1397 439 1483 465 esse

79 486 227 538 pedites
248 488 400 535 pareS.“
441 496 527 523 cum
551 484 717 522 clamore
737 481 975 533 conprobata
996 481 1213 520 adhortatio
1237 487 1359 529 esset,
1381 483 1484 522 vadit
1510 489 1532 520 4

80 542 155 581 alte
176 541 376 592 cuspidem
400 552 550 590 gerens.
593 551 837 590 quacumque
857 538 1055 584 incedunt,
1078 539 1114 576 vi
1134 538 1230 576 viam
1253 539 1415 586 faciunt,
1437 552 1481 577 eo

80 610 123 637 se
149 597 321 636 inferunt
348 596 506 635 obiectis
535 595 682 647 parmis
697 627 705 642 ‚
730 594 796 634 ubi
817 607 980 634 suorum
1002 594 1213 645 plurimum
1235 594 1404 633 laborem
1427 596 1483 633 vi-

81 655 184 693 dent.
225 653 440 692 restituitur
461 652 645 691 omnibus
666 651 762 690 locis
783 663 930 702 pugna,
962 651 1002 689 in
1025 663 1120 701 quae
1141 663 1207 689 eos
1229 650 1397 702 impetus
1420 656 1481 689 tu·
1511 660 1529 690 5

80 710 141 759 lit3
162 722 235 749 nec
257 710 415 748 dubium
438 714 534 756 erat,
556 708 661 759 quin,
683 708 714 746 si
736 712 812 746 tam
836 707 948 758 pauci
971 707 1086 746 simul
1107 707 1214 746 obire
1235 708 1365 745 omnIa
1388 719 1483 758 pos-

82 772 186 813 sent,
207 771 313 816 terga
337 765 462 805 daturi
483 766 617 804 hostes
637 764 792 803 fuerint.
833 764 883 803 Et
904 776 992 803 cum
1012 764 1088 803 iam
1112 769 1219 814 parte
1241 764 1343 802 nulla
1366 764 1483 802 susti-
1512 764 1566 803 39

79 828 273 869 nerentur,
297 823 360 861 dat
381 822 535 872 signum
557 821 720 860 Volscus
742 820 965 872 imperator,
987 825 1030 859 ut
1050 821 1249 870 parmatis,
1272 832 1395 859 novae
1417 833 1485 859 co-

80 879 182 918 horti
208 879 400 925 hostium,
427 879 536 917 locus
565 878 692 926 detur,
721 877 845 916 donec
871 877 1018 928 impetu
1046 877 1152 915 inlati
1180 877 1226 915 ab
1249 877 1330 915 suis
1352 876 1485 915 exclu-

81 937 233 975 dantur.
276 936 380 986 quod
402 935 467 973 ubi
489 939 548 973 est
568 934 728 980 factum,
749 933 946 972 interclusi
969 933 1117 984 equites
1140 945 1211 971 nec
1232 945 1486 983 perrumpere
1513 940 1532 972 2

80 992 225 1037 eadem,
249 1003 323 1042 qua
338 991 586 1036 transierant,
603 1002 733 1040 posse,
750 989 799 1028 ibi
818 989 983 1028 maxime
1001 989 1184 1028 confertis
1202 989 1393 1035 hostibus,
1411 1001 1486 1040 qua

80 1047 180 1086 viam
201 1047 387 1093 fecerant,
409 1052 445 1085 et
466 1046 604 1085 consul
625 1046 873 1096 legionesque
894 1045 1106 1091 Romanae,
1129 1057 1228 1091 cum,
1249 1045 1353 1096 quod
1374 1050 1486 1096 tegu-
1514 1051 1533 1083 3

79 1115 170 1142 men
190 1103 309 1142 modo
333 1103 460 1141 omnis
482 1101 670 1141 exercitus
691 1102 827 1148 fuerat,
848 1114 1043 1152 nusquam
1060 1101 1244 1148 viderent,
1267 1113 1314 1139 ne
1330 1106 1389 1140 tot
1404 1101 1486 1139 for-

79 1160 255 1199 tissimos
289 1159 392 1198 viros
414 1159 648 1198 interclusos
671 1158 910 1209 opprimeret
930 1158 1075 1204 hostis,
1105 1158 1269 1196 tendunt
1290 1158 1329 1196 in
1351 1170 1487 1208 quem—

82 1228 247 1267 cumque
274 1228 418 1254 casum.
460 1214 600 1254 diversi
621 1214 749 1253 Volsci
775 1215 867 1253 hinc
889 1214 1086 1253 consulem
1110 1227 1154 1253 ac
1173 1214 1345 1264 legiones
1367 1214 1486 1253 susti·
1514 1222 1536 1253 4

80 1284 189 1321 nere,
212 1272 327 1311 altera
354 1272 483 1310 fronte
514 1272 657 1310 instare
680 1271 895 1322 Tempanio
926 1276 1038 1322 atque
1065 1270 1278 1321 equitibus,
1307 1270 1370 1321 qui
1399 1283 1487 1309 cum

82 1341 198 1380 saepe
232 1328 358 1367 conati
385 1328 610 1379 nequissent
635 1340 888 1379 perrumpere
917 1327 963 1366 ad
993 1340 1105 1373 suos,
1139 1327 1287 1366 tumulo
1318 1326 1486 1378 quodam

82 1390 269 1436 occupato
291 1385 330 1423 in
353 1385 485 1423 orbem
509 1397 550 1423 se
570 1384 805 1430 tutabantur,
828 1396 1070 1435 nequaquam
1092 1384 1222 1430 inulti3
1246 1396 1317 1423 nec
1337 1395 1488 1434 pugnae

80 1442 169 1480 finis
196 1447 283 1480 ante
309 1445 465 1479 noctem
494 1441 577 1479 fuit.
621 1441 759 1479 consul
781 1453 936 1491 quoque
957 1452 1149 1491 nusquam
1173 1440 1339 1478 remisso
1363 1444 1486 1479 certa-
1516 1449 1535 1479 5

80 1498 203 1544 mine,
226 1498 316 1536 dum
341 1498 544 1548 quicquam
566 1497 758 1548 superfuit
778 1497 886 1541 lucis,
909 1497 1064 1536 hostem
1087 1496 1219 1535 tenuit.
1260 1509 1339 1534 nox
1360 1496 1487 1535 incer-
1517 1503 1536 1534 6

80 1560 142 1593 tos
165 1553 338 1601 di1·emit;
358 1559 566 1604 tantusque
587 1553 632 1592 ab
655 1553 900 1604 inprudentia
923 1559 1081 1592 eventus
1105 1558 1264 1603 utraque
1288 1557 1412 1591 castra
1429 1558 1487 1592 te-

82 1611 167 1649 nuit
193 1622 331 1661 pavor,
361 1616 402 1648 ut
427 1610 566 1648 relictis
596 1610 734 1649 sauciis
767 1614 803 1648 et
829 1622 965 1660 magna
993 1615 1101 1660 parte
1130 1610 1488 1660 inpedimentorum

81 1667 194 1706 ambo
218 1679 288 1717 pro
311 1666 419 1705 victis
441 1666 628 1705 exercitus
652 1679 693 1704 se
714 1666 753 1704 in
771 1670 926 1705 montes
944 1666 1146 1717 proximos
1164 1666 1390 1717 reciperent.
1425 1671 1487 1704 tu-
1518 1674 1535 1704 7

81 1723 208 1761 mulus
236 1728 366 1761 tamen
396 1723 676 1761 circumsessus
698 1723 795 1761 ultra
817 1722 984 1761 mediam
1007 1727 1162 1761 noctem
1186 1727 1255 1761 est.
1297 1735 1373 1773 quo
1397 1734 1485 1760 cum

81 1778 454 1818 circumsedentibus
476 1779 695 1818 nuntiatum
719 1783 821 1817 esset
842 1786 966 1817 castra
988 1779 1137 1817 deserta
1160 1792 1255 1825 esse,
1277 1779 1399 1817 victos
1418 1779 1489 1816 rati

81 1849 174 1874 suos
218 1841 255 1875 et
292 1836 377 1886 ipsi,
415 1848 488 1886 qua
518 1848 710 1886 quemque
739 1835 777 1874 in
805 1835 975 1874 tenebris
1003 1848 1123 1886 pavor
1151 1835 1257 1879 tulit,
1290 1835 1485 1885 fugerunt.

81 1945 126 1949 —
142 1928 317 1970 parmata,
342 1937 368 1957 s.
395 1925 433 1965 2,
458 1926 494 1965 6,
517 1926 548 1958 9.
566 1945 609 1949 --
627 1927 748 1958 cohors

82 1972 166 2003 kann
185 1972 370 2013 iiberhaupt
394 1973 489 2002 einen
509 1971 750 2013 Truppenko'r-

83 2027 142 2058 per
159 2027 200 2047 zu
219 2016 303 2048 Fuss
322 2016 539 2057 bezeichnen,
566 2017 616 2048 die
636 2016 750 2048 Reiter

85 2062 156 2092 sind
190 2062 269 2092 aber
301 2062 426 2093 bereits
458 2061 672 2102 abgesessen.
706 2080 750 2084 —

83 2106 206 2138 veaeillo
226 2106 283 2137 das
300 2106 520 2137 Feldzeichen
539 2108 598 2138 der
616 2106 750 2147 Turma,

85 2151 122 2191 8,
153 2150 212 2190 39,
243 2150 273 2182 6.
292 2154 383 2182 —sz'
404 2154 559 2194 possent,
590 2162 750 2193 praesens

85 2196 306 2227 conditionale
319 2221 327 2237 ,
344 2196 433 2227 nicht
448 2199 653 2238 potuissent,
673 2197 750 2228 weil

84 2242 143 2273 der
158 2240 315 2273 Gedanke
334 2241 508 2281 allgemein
527 2242 581 2280 ist,
606 2252 632 2273 s.
652 2242 680 2283 5,
697 2242 751 2282 51,

87 2287 115 2317 1.
150 2286 209 2317 Die
228 2296 331 2327 ganze
351 2286 566 2326 Darstellung
591 2287 681 2326 zeigt
699 2287 750 2318 die

85 2331 277 2371 Bedeutung
295 2332 354 2363 der
370 2331 518 2363 Reiterei
543 2332 573 2362 in
599 2332 658 2363 der
680 2330 752 2363 frti-

85 2377 186 2408 hcren
206 2376 291 2408 Zeit.

131 2460 200 2498 39.
232 2466 327 2497 1-6.
354 2466 506 2508 datsign,
531 2467 561 2504 5,
587 2466 640 2507 36,
661 2467 690 2498 7.
707 2484 751 2489 -

86 2511 183 2543 inlati
198 2512 242 2543 ist
259 2511 310 2543 die
322 2511 551 2552 Fortsetzung
568 2522 631 2542 von
651 2522 678 2543 c.
698 2511 750 2552 38,

86 2557 123 2587 4:
155 2567 191 2588 eo
214 2567 251 2587 se
272 2558 443 2599 inferunt:
474 2557 525 2587 die
550 2557 618 2588 sich
644 2557 674 2588 in
700 2557 750 2588 die

88 2601 211 2633 Reihen
237 2602 296 2632 der
314 2602 438 2634 Feinde
462 2602 565 2633 haben
595 2600 751 2633 fortreis-

88 2657 145 2678 seu
163 2647 284 2678 lassen.
300 2665 344 2671 -
357 2646 428 2679 ead.
447 2657 522 2689 qua,
546 2646 574 2689 3,
594 2646 646 2689 70,
664 2647 701 2686 43
721 2647 749 2688 5,

822 1926 876 1967 46,
896 1925 926 1956 3.
945 1944 986 1947 —
1004 1927 1036 1956 in
1056 1935 1294 1967 quemcumque
1312 1935 1350 1966 c.,
1369 1923 1490 1965 aufje-

822 1972 883 2002 den
896 1969 1021 2010 Erfolg,
1036 1970 1114 2011 jede
1125 1969 1249 2001 Gefalir
1266 1971 1330 2011 hin,
1350 1970 1416 2010 vgl.
1435 1970 1488 2010 21,

823 2016 876 2056 33,
896 2017 935 2054 ὃς
957 2015 1009 2055 26,
1031 2015 1082 2054 11,
1102 2016 1139 2051 2;
1167 2015 1290 2056 37,12,
1313 2015 1491 2046 11:2'721'11-

823 2064 951 2093 certam
975 2063 1220 2103 tempestatem.
1255 2063 1339 2092 —1‘n
1368 2062 1489 2100 orbem,

823 2107 854 2137 in
874 2107 967 2137 einen
988 2104 1102 2145 Hreis,
1128 2106 1208 2136 oder
1234 2106 1307 2136 eine
1325 2104 1489 2136 kreissb'r-

822 2152 907 2192 mige
927 2151 1096 2190 Stellung,
1121 2151 1229 2182 volles
1249 2149 1395 2191 Quarre,
1415 2160 1441 2181 s.
1461 2161 1487 2181 c.

824 2197 882 2235 28,
902 2196 940 2235 33
967 2196 1000 2237 2,
1028 2196 1083 2236 50,
1104 2196 1141 2234 73
1167 2196 1271 2237 Marq.
1292 2195 1327 2235 3,
1354 2196 1388 2231 2,
1414 2195 1487 2236 329,

824 2243 892 2273 sich
912 2242 1076 2280 ordnend,
1100 2252 1151 2272 uin
1170 2242 1249 2272 nach
1269 2241 1355 2271 allen
1374 2240 1487 2271 Seiten

824 2287 929 2319 Front
957 2287 1091 2318 machen
1124 2297 1164 2317 zu
1189 2286 1339 2323 konnen3
1368 2285 1427 2315 der
1455 2287 1486 2315 in

824 2332 1084 2363 veranlassende
1104 2330 1227 2371 Begriff
1249 2331 1293 2361 ist
1311 2340 1351 2360 zu
1369 2329 1488 2369 ergiin-

825 2388 905 2417 zen,
923 2377 989 2417 vgl.
1009 2376 1068 2416 37,
1088 2376 1146 2416 29,
1173 2375 1209 2406 8:
1235 2376 1320 2406 blm's
1343 2376 1375 2405 in
1396 2374 1488 2406 ordi-

822 2433 898 2454 nem
916 2424 1073 2459 nat-ibus,
1100 2421 1130 2460 3,
1149 2420 1200 2460 43,
1222 2421 1260 2457 7;
1283 2419 1336 2458 28,
1356 2419 1408 2456 22,
1430 2419 1484 2450 15;

823 2469 855 2499 τίι
875 2468 988 2499 orbem
1003 2468 1213 2510 pugnantes3
1234 2465 1275 2495 ib.
1295 2464 1347 2501 33,
1376 2464 1426 2495 15.
1444 2482 1487 2486 —

824 2524 951 2555 quoque
966 2523 1081 2553 ηαδ-(1.,
1107 2521 1133 2541 s.
1154 2521 1180 2541 c.
1200 2509 1236 2549 3,
1261 2510 1297 2540 7:
1318 2509 1374 2549 32,
1395 2508 1424 2539 2.
1444 2526 1487 2531 —

824 2560 939 2599 quicq„
963 2557 993 2597 3,
1013 2557 1062 2596 55,
1083 2555 1112 2586 8.
1130 2573 1174 2577 —-
1191 2553 1408 2597 imprudent„
1427 2554 1485 2585 das

824 2602 1058 2635 Niehtwissen.

872 2648 887 2678 7
907 2666 929 2670 -
946 2647 975 2678 9.
1016 2656 1081 2688 qua
1098 2645 1161 2676 wie
1180 2655 1207 2676 c.
1227 2643 1285 2684 37,
1310 2644 1347 2684 9,
1366 2643 1485 2675 anders
