1698 2864
83 1272 136 1312 19

171 217 252 257 298

622 215 749 249 LIBER
774 216 814 250 V.
856 216 950 250 CAP.
979 218 1100 251 18.19.

1410 234 1440 254 a.
1452 234 1481 252 u.
1507 227 1569 253 358.

122 322 142 354 8
170 318 373 370 cipitavere
402 319 467 368 [se]
491 318 531 356 in
552 318 722 358 insidias.
764 318 957 358 Genucius
978 325 1104 359 morte
1124 320 1288 358 honesta
1309 318 1568 358 temeritatem

168 375 277 413 luens
306 379 392 414 ante
421 375 529 424 signa
555 375 654 414 inter
679 375 871 426 primores
901 376 1052 424 cecidit,
1083 376 1247 415 Titinius
1276 375 1482 417 ineditum
1503 380 1566 414 tu-

169 431 316 470 mulum
345 444 390 469 ex
420 431 538 470 multa
568 431 828 482 trepidatione
849 432 1033 471 militibus
1057 432 1223 471 collectis
1245 431 1362 471 aciem
1385 432 1567 479 restituit,

121 492 142 524 9
170 499 240 526 nec
269 500 310 526 se
336 492 466 526 tamen
493 499 612 538 aequo
641 487 726 526 loco
757 488 859 526 hosti
882 488 1089 527 commisit.
1129 488 1216 539 plus
1237 488 1470 539 ignominiae
1490 492 1570 526 erat

170 555 282 593 quam
313 543 428 582 cladis
457 548 678 594 acceptum,
709 556 805 594 quae
835 556 959 595 prope
985 545 1025 583 in
1055 545 1198 584 cladem
1221 545 1413 595 ingentem
1436 544 1567 582 vertit:

167 604 317 638 tantum
338 600 428 638 inde
447 600 608 638 terroris
630 611 708 638 non
727 600 871 638 Romae
892 601 1022 648 modo,
1046 613 1121 651 quo
1144 601 1341 651 multiplex
1357 600 1458 639 fama
1475 612 1568 651 per-

100 661 140 693 10
168 660 340 703 venerat,
363 656 430 694 sed
453 655 491 694 in
513 655 646 694 castris
670 667 823 706 quoque
843 657 915 695 fuit
935 657 981 696 ad
1005 657 1128 696 Veios.
1171 669 1280 707 aegre
1299 655 1351 694 ibi
1372 655 1482 694 miles
1504 668 1567 694 re-

167 716 295 750 tentus
324 725 343 750 a
364 712 452 762 fuga
473 716 550 758 est,
580 723 667 750 cum
689 712 922 761 pervasisset
943 718 1066 752 castra
1087 725 1242 758 rumor,
1271 711 1433 750 ducibus
1456 724 1565 750 exer-

167 767 320 818 cituque
343 780 454 807 caeso
476 767 660 806 victorem
681 766 910 818 Capenatem
932 781 976 807 ac
996 769 1187 807 Faliscum
1209 768 1457 819 Etruriaeque
1479 780 1566 806 om-

98 831 134 863 11
166 835 254 861 nem
288 824 524 862 iuventutem
562 824 664 862 haud
700 824 835 873 procul
864 824 952 862 inde
979 825 1127 863 abesse.
1176 824 1237 863 his
1266 824 1566 863 tumultuosiora

163 879 321 927 Romae,
341 880 415 918 iam
438 884 561 919 castra
581 879 627 918 ad
645 878 757 918 Veios
780 881 1008 931 oppugnari,
1030 881 1104 919 iam
1122 885 1271 932 partem
1288 880 1461 919 hostium
1476 885 1566 919 ten—

166 935 255 973 dere
291 936 337 974 ad
371 935 506 974 urbem
535 935 687 986 agmine
715 936 860 974 infesto
889 937 1147 984 crediderant,
1184 948 1498 987 concursumque
1526 937 1566 974 in

164 1003 299 1030 muros
330 997 404 1038 est,
432 997 469 1030 et
494 997 778 1039 matronarum,
810 1005 903 1043 quas
932 1006 976 1032 ex
1005 994 1123 1032 domo
1154 993 1370 1032 conciverat
1390 992 1564 1043 publicus

96 1055 137 1087 12
165 1059 302 1097 pavor,
326 1047 614 1086 obsecrationes
635 1048 675 1086 in
695 1048 849 1098 templis
870 1049 1009 1096 factae,
1036 1049 1293 1100 precibusque
1315 1049 1362 1088 ab
1385 1049 1443 1087 dis
1464 1049 1564 1100 peti-

163 1108 260 1150 tum,
282 1108 324 1142 ut
344 1104 499 1142 exitium
521 1104 567 1142 ab
588 1103 695 1142 urbis
717 1104 825 1143 tectis
847 1106 1078 1156 templisque
1098 1118 1141 1144 ac
1157 1105 1361 1155 moenibus
1377 1105 1564 1143 Romanis

165 1165 357 1207 arcerent,
387 1160 578 1210 Veiosque
607 1172 695 1198 eum
723 1165 935 1200 averterent
962 1166 1169 1209 terrorem,
1199 1161 1230 1199 si
1254 1173 1363 1200 sacra
1384 1165 1564 1200 renovata

163 1215 245 1262 rite,
267 1216 298 1253 si
315 1221 520 1266 procurata
543 1215 717 1266 prodigia
740 1222 880 1255 essent.

274 1272 351 1310 Iam
378 1271 456 1310 ludi
476 1271 708 1322 Latinaeque
736 1272 971 1312 instauratae
993 1278 1118 1320 erant,
1150 1273 1224 1311 iam
1247 1285 1291 1311 ex
1311 1273 1396 1311 lacu
1415 1272 1562 1311 Albano

113 1334 134 1365 2
162 1339 257 1378 aqua
279 1327 419 1366 emissa
440 1328 479 1366 in
496 1340 621 1378 agros,
642 1329 833 1379 Veiosque
848 1328 924 1368 fata
940 1329 1181 1380 adpetebant.
1217 1329 1331 1380 igitur
1344 1329 1468 1368 fatalis
1485 1330 1562 1368 dux

159 1525 181 1529 —
198 1508 393 1549 semetipsa
415 1508 664 1550 praecipitat-it,
682 1507 747 1538 und
765 1508 822 1539 das

159 1551 286 1583 Passiv.
310 1561 375 1582 von
397 1553 625 1595 praecipitare
648 1552 731 1583 l'aisst
754 1552 822 1583 sich

160 1596 354 1627 schwerlich
373 1596 501 1627 iiberall
519 1596 702 1638 entfernen,
722 1607 748 1628 s.
768 1596 822 1637 25,

161 1641 218 1679 16,
239 1640 298 1679 153
318 1641 375 1679 27,
395 1640 454 1681 30,
473 1641 510 1680 4;
529 1641 588 1682 38,
607 1641 704 1682 2,14
722 1653 753 1673 u.
772 1652 821 1681 a.;

161 1685 239 1716 Tac.
257 1685 295 1716 H.
314 1685 350 1726 2,
376 1685 436 1724 253
461 1696 497 1716 so
517 1687 592 1718 dass
618 1697 653 1718 es
673 1686 822 1718 zweifel-

159 1728 227 1761 haft
245 1731 312 1761 sein
333 1730 436 1770 kann,
459 1731 498 1762 ob
523 1732 611 1762 nicht
635 1733 699 1762 wie
717 1733 823 1763 absti-

158 1785 238 1806 nere
260 1776 340 1806 auch
364 1778 588 1819 praecipitare
610 1777 670 1808 mit
686 1787 718 1808 u.
739 1778 820 1808 ohne

157 1831 194 1851 se
210 1820 290 1850 habe
308 1825 425 1859 gesagt
439 1822 572 1852 werden
588 1821 728 1852 kiinnen.
755 1821 820 1853 Das

156 1865 228 1895 hier
246 1864 403 1896 Erziihlte
422 1866 619 1898 wiederholt
637 1867 704 1898 sich
724 1867 760 1906 7,
790 1867 818 1908 6,

157 1909 189 1940 9.
207 1927 250 1931 -
267 1920 371 1951 aequo
389 1910 421 1950 l.‚
446 1910 476 1951 3,
496 1911 549 1949 42,
570 1911 600 1942 2.
618 1929 662 1934 —
680 1912 784 1943 eladis
800 1930 822 1934 —

157 1953 293 1993 cladem,
311 1955 340 1994 1,
356 1954 408 1995 53,
422 1955 506 1986 4.—
519 1956 660 1999 multip„
678 1955 820 1987 vielfnch

156 2001 389 2039 *erg-rossem,
413 2011 440 2031 c.
459 2000 516 2040 20,
542 2000 578 2039 83
598 2001 633 2040 4,
657 2001 712 2041 60,
731 2001 770 2040 23
790 2001 820 2039 2,

159 2043 216 2082 64,
235 2043 266 2074 4.
283 2061 326 2066 --
344 2047 471 2085 castra,
496 2056 522 2076 c.
543 2046 578 2084 7,
604 2045 633 2077 6.
652 2064 697 2068 -
714 2046 821 2077 credi-

158 2087 285 2128 derant,
304 2088 334 2127 2,
356 2088 406 2128 18,
423 2089 454 2119 9.
469 2107 512 2112 -—
530 2101 575 2122 ex
592 2091 700 2130 domo,
718 2091 746 2131 4,
766 2090 819 2129 40,

158 2132 188 2163 3.
207 2151 249 2154 -
269 2134 532 2174 obsecrationes,
552 2135 587 2172 4,
607 2134 667 2174 21,
686 2135 722 2173 5;
741 2145 819 2177 pre-

157 2178 313 2218 cibusque
339 2178 467 2209 enth'zilt
484 2179 535 2209 die
557 2179 748 2218 Erkliirung
765 2180 821 2210 da-

157 2232 208 2252 zu.
223 2239 266 2243 —
283 2223 315 2252 sz·
328 2232 429 2254 sacra
446 2227 522 2262 etc„
541 2224 616 2254 dass
636 2224 686 2254 die
696 2223 820 2255 Furcht

157 2266 314 2305 grundlos
343 2277 497 2306 gewcsen
523 2269 588 2308 sei,
618 2269 700 2299 wird
729 2269 820 2300 nicht

156 2311 321 2349 bemerkt3
341 2312 391 2343 die
412 2312 531 2344 VVorte
549 2313 658 2344 bilden
677 2323 739 2344 nur
756 2314 818 2344 den

155 2355 349 2396 Uebergang
369 2367 441 2388 zum
461 2357 662 2397 Folgenden.

201 2394 349 2432 19—23.
388 2402 585 2443 Eroberuug
603 2402 710 2443 Vejis.
729 2403 816 2435 Plut.

154 2444 241 2476 Cam.
262 2446 298 2483 53
320 2447 412 2478 Diod.
436 2447 490 2486 14,
509 2447 569 2486 933
589 2447 679 2479 Flor.
702 2448 734 2486 1,
757 2448 815 2483 12:

154 2489 595 2531 Dion.12‚17ff.320n.7,
613 2492 667 2524 21.

202 2535 229 2566 1.
264 2535 350 2576 ludi,
380 2537 431 2567 die
455 2538 513 2568 mit
538 2537 597 2568 den
619 2538 674 2569 lat.
695 2537 815 2569 Ferien

153 2579 397 2620 verbundenen,
423 2592 450 2612 c.
473 2582 521 2623 17,
539 2582 569 2613 2.
586 2600 629 2605 —
647 2585 817 2615 instaura-

153 2626 198 2665 ta,
216 2625 282 2664 vgl.
296 2625 348 2666 37,
366 2625 396 2666 3,
414 2626 451 2665 43
470 2627 522 2666 40,
537 2627 590 2668 45,
609 2627 646 2667 23
665 2628 747 2659 iiber
765 2629 815 2660 die

896 1507 1088 1548 Bedeutung
1106 1507 1137 1548 2,
1162 1507 1213 1547 36,
1240 1508 1268 1539 1.
1286 1525 1331 1530 ——
1347 1508 1482 1549 emissa,
1500 1507 1560 1538 der

896 1553 976 1583 noch
996 1552 1086 1593 jetzt
1109 1553 1319 1584 vorhandene
1338 1552 1486 1584 Emissar
1508 1562 1559 1583 ain

896 1598 1154 1629 siidwestlichen
1170 1597 1282 1629 Raude
1296 1598 1354 1628 des
1369 1598 1461 1639 Sees,
1479 1603 1561 1628 wel-

896 1643 974 1674 cher
994 1642 1101 1674 14000
1118 1642 1155 1674 F.
1174 1643 1260 1684 lang,
1278 1642 1297 1677 6
1316 1642 1352 1674 F.
1373 1643 1465 1681 boch,
1483 1643 1503 1672 4
1523 1642 1560 1674 F.

896 1687 998 1725 breit,
1030 1688 1130 1719 durch
1149 1687 1332 1719 Tufffelsen
1356 1688 1561 1728 gemeisselt,

897 1733 954 1763 das
965 1732 1109 1764 Wasser
1122 1734 1153 1764 in
1172 1733 1223 1764 ein
1240 1732 1408 1770 Gewiilbe,
1427 1733 1510 1764 dann
1529 1733 1560 1763 in

895 1776 970 1808 siinf
991 1777 1196 1819 Oeffnungen
1221 1779 1251 1809 in
1275 1778 1326 1809 die
1352 1777 1475 1809 Felder
1499 1777 1559 1808 lei-

895 1827 959 1862 tet,
978 1833 1003 1854 S.
1024 1833 1051 1854 c.
1076 1823 1132 1865 16,
1156 1824 1193 1856 9;
1213 1823 1302 1864 jetzt
1320 1823 1403 1854 wird
1421 1832 1456 1853 es
1475 1821 1558 1853 Rivo

893 1867 1020 1898 Albano
1039 1873 1193 1908 genannt.
1224 1868 1289 1899 Das
1306 1877 1423 1907 grosse
1437 1866 1557 1907 Werk,

896 1922 937 1943 zu
961 1913 1032 1944 dem
1058 1915 1139 1944 ohne
1163 1911 1304 1944 Zweifel
1328 1912 1464 1952 langere
1482 1911 1558 1942 Zeit

896 1957 1065 1989 erfordert
1083 1958 1211 1994 wurde,
1238 1958 1279 1988 ist
1297 1957 1377 1988 nach
1397 1957 1456 1987 der
1472 1956 1556 1987 Dar-

896 2002 1056 2043 stellung,
1081 2002 1226 2033 welcher
1247 2002 1328 2033 auch
1346 2001 1383 2033 L.
1400 2000 1500 2043 folgt,
1526 2003 1556 2032 in

893 2047 983 2077 nicht
1010 2056 1092 2086 ganz
1123 2047 1206 2077 zwei
1234 2047 1352 2078 Jahn-en
1388 2047 1558 2078 vollendet

893 2091 1040 2130 worden,
1070 2102 1096 2122 s.
1121 2091 1214 2123 Nieb.
1247 2092 1278 2132 1,
1312 2091 1392 2129 1603
1417 2091 1554 2123 Abeken

893 2135 1118 2167 Mittelitalien
1136 2137 1214 2174 1783
1235 2136 1413 2168 Mommsen
1432 2136 1459 2176 1,
1478 2136 1555 2169 237.

891 2181 1029 2222 —fata
1045 2181 1139 2224 adp.‚
1171 2181 1395 2213 heranriicken
1414 2182 1478 2212 und
1498 2182 1554 2212 lie-

892 2225 1026 2267 drohen,
1044 2225 1224 2266 angreifen,
1240 2237 1266 2258 S.
1282 2237 1310 2259 c.
1325 2225 1379 2267 22,
1393 2225 1430 2264 ὃς
1451 2227 1480 2265 7,
1501 2226 1554 2267 26,

893 2270 922 2308 5,
942 2271 1043 2301 daber
1059 2272 1118 2303 der
1131 2272 1250 2303 Aecus.
1270 2273 1318 2313 (es
1337 2272 1419 2303 wird
1432 2271 1553 2312 jedoch

892 2315 1022 2357 Vez'z'sq.
1039 2317 1167 2358 verm),
1187 2317 1293 2348 indem
1307 2317 1357 2348 die
1372 2317 1555 2358 urspriing-

890 2361 973 2391 liche
994 2362 1186 2401 ssedeutung
1208 2372 1272 2393 von
1295 2365 1409 2404 petere
1430 2360 1554 2401 festge-

890 2405 1000 2436 halten
1020 2406 1081 2445 ist,
1100 2406 1271 2447 vg1.Curt.
1291 2407 1340 2445 10,
1358 2407 1389 2444 5,
1409 2406 1466 2437 30:
1485 2409 1552 2438 iam

887 2451 1048 2492 —fatmm
1072 2453 1167 2484 cuius
1186 2451 1405 2484 immutabilis·
1422 2453 1472 2483 vis
1489 2454 1551 2490 est,

888 2497 1075 2538 appetebat.

934 2541 963 2572 2.
997 2542 1107 2582 igitur
1124 2542 1154 2573 in
1175 2542 1283 2582 Bezug
1301 2540 1359 2572 auf
1369 2542 1456 2583 sata
1472 2542 1549 2585 adp.

888 2586 1083 2627 —satalis,
1102 2597 1128 2618 s.
1147 2586 1200 2624 22,
1220 2586 1273 2626 53,
1288 2586 1324 2625 63
1344 2585 1397 2627 30,
1416 2586 1472 2628 28,
1494 2587 1548 2618 11;

887 2630 975 2662 ιιἰιίιιί
987 2632 1140 2673 fatalem
1163 2642 1238 2663 eum
1262 2632 1392 2674 dacem,
1417 2633 1452 2664 in
1477 2633 1550 2664 emi-
