1698 2864
211 197 288 235 112
704 193 832 226 LIBER
848 193 902 226 lll.
944 193 1036 228 CAP.
1049 194 1104 227 56.

1451 210 1477 229 a.
1498 210 1526 229 u.
1547 204 1610 230 305.

163 303 182 335 8
208 297 334 336 venire
362 307 524 347 poenas:
552 307 782 346 provocare,
813 295 877 346 qui
898 295 1212 347 provocationem
1235 295 1470 342 sustulisset,
1491 300 1528 335 et
1547 295 1611 334 in—

208 354 359 404 plorare
380 352 612 404 praesidium
636 352 782 403 populi,
805 352 869 403 qui
891 352 1021 391 omnia
1041 351 1122 391 iura
1140 352 1273 404 populi
1292 352 1486 399 obtrisset,
1507 352 1610 403 rapi-

209 422 282 460 que
303 409 341 447 in
362 409 484 448 vincla
506 413 679 458 egentem
702 408 783 447 iure
804 408 1004 455 libertatis,
1027 409 1091 459 qui
1112 409 1276 448 liberum
1301 421 1444 459 corpus
1466 409 1506 447 in
1528 421 1611 447 ser-

207 466 364 504 vitutem
381 465 600 510 addixisset,
623 465 744 515 ipsius
762 464 861 515 Appi
884 464 983 503 inter
1000 464 1191 504 contionis
1210 477 1389 505 murmur
1404 465 1521 507 fidem
1537 477 1611 516 po-

162 529 181 561 9
209 522 289 573 puli
309 522 474 560 Romani
495 521 726 572 inplorantis
749 533 821 559 vox
842 520 1078 559 audiebatur.
1100 521 1291 560 maiorum
1312 521 1447 561 merita
1467 522 1507 560 in
1522 533 1611 560 trem

140 754 180 787 10

146 1036 182 1068 11

142 1147 181 1180 12

142 1374 181 1406 13

207 578 399 630 publicam
432 578 538 617 domi
572 577 801 627 militiaeque
834 577 1183 624 commemorabat,
1215 590 1329 617 suum
1366 577 1497 616 infelix
1524 590 1612 628 erga

208 635 361 686 plebem
385 635 598 673 Romanam
622 633 806 680 studium,
828 645 903 684 quo
926 634 1215 684 aequandarum
1236 635 1363 684 legum
1387 646 1502 672 causa
1524 646 1611 672 cum

208 691 374 730 maxima
404 690 620 729 offensione
643 695 796 740 patrum
821 690 1023 728 consulatu
1044 690 1197 736 abisset,
1221 702 1310 729 suas
1331 690 1449 740 leges,
1471 689 1612 740 quibus

209 748 455 786 manentibus
478 747 575 784 lator
602 758 733 784 earum
756 745 795 784 in
816 746 938 784 vincla
960 746 1132 785 ducatur.
1173 751 1342 785 ceterum
1365 758 1434 784 sua
1454 745 1614 797 propria

210 803 314 842 bona
336 804 525 853 malaque,
547 814 633 841 cum
657 814 791 841 causae
813 802 993 841 dicendae
1014 802 1098 841 data
1119 802 1279 841 facultas
1302 802 1362 848 sit,
1384 807 1467 841 tum
1489 814 1532 841 se
1548 814 1613 840 ex-

190 864 429 910 „pertarum
459 861 497 897 in
520 859 736 910 praesentia
759 871 800 897 se
823 859 1021 897 communi
1041 859 1122 897 iure
1144 858 1304 897 civitatis
1327 858 1447 897 civem
1468 858 1613 897 Roma—

209 928 303 955 num
329 916 388 954 die
412 916 510 955 dicta
532 915 740 966 postulare,
762 920 804 953 ut
825 915 950 954 dicere
969 915 1090 962 liceat,
1112 920 1153 953 ut
1173 914 1357 954 iudicium
1379 914 1512 966 populi
1534 914 1614 953 Ro-

210 972 316 1012 mani
337 972 512 1022 experiri.
552 983 633 1010 non
649 972 699 1010 ita
720 984 761 1009 se
778 971 959 1010 invidiam
979 971 1236 1022 pertimuisse,
1259 976 1300 1010 ut
1316 971 1410 1010 nihil
1426 971 1463 1009 in
1481 971 1614 1021 aequi-

214 1033 290 1068 tate
318 1033 355 1067 et
376 1027 641 1066 misericordia
664 1027 800 1066 civium
824 1040 986 1066 suorum
1008 1029 1090 1079 spei
1111 1027 1259 1066 habeat.
1300 1028 1402 1078 quod
1426 1027 1458 1066 si
1476 1027 1615 1065 indicta

213 1097 327 1124 causa
354 1084 392 1123 in
422 1084 539 1122 vincla
569 1085 747 1129 ducatur,
776 1084 913 1122 iterum
944 1096 985 1122 se
1014 1083 1194 1122 tribunos
1223 1084 1345 1134 plebei
1365 1083 1556 1134 appellare
1579 1088 1617 1121 et

211 1153 390 1185 monere,
411 1152 459 1179 ne
480 1140 682 1179 imitentur
701 1152 799 1191 quos
823 1140 986 1178 oderint.
1028 1141 1130 1191 quod
1155 1140 1187 1178 si
1207 1140 1351 1178 tribuni
1372 1140 1507 1178 eodem
1528 1139 1616 1177 foe-

211 1199 300 1237 dere
323 1197 510 1247 obligatos
534 1209 574 1234 se
593 1197 785 1235 fateantur
805 1196 995 1235 tollendae
1017 1196 1282 1247 appellationis
1305 1208 1431 1242 causa,
1454 1195 1494 1233 in
1511 1195 1616 1246 quod

211 1254 457 1304 conspirasse
487 1253 725 1290 decemviros
748 1252 935 1291 criminati
958 1253 1047 1298 sint,
1071 1257 1108 1290 at
1129 1265 1169 1290 se
1191 1264 1401 1303 provocare
1423 1252 1468 1290 ad
1486 1263 1616 1303 popu-

210 1310 302 1355 lum,
321 1310 515 1360 inplorare
531 1309 633 1359 leges
653 1309 698 1347 de
720 1309 996 1359 provocatione
1018 1314 1054 1347 et
1075 1309 1299 1347 consulares
1322 1313 1359 1347 et
1378 1308 1615 1354 tribunicias,

211 1379 256 1405 eo
280 1366 366 1417 ipso
390 1377 491 1404 anno
513 1365 621 1403 latas.
665 1377 777 1416 quem
801 1365 901 1402 enim
919 1370 1232 1415 provocaturum,
1253 1365 1285 1403 si
1302 1365 1376 1403 hoc
1392 1365 1614 1403 indemnato

211 1423 350 1461 indicta
373 1434 486 1460 causa
508 1433 588 1460 non
609 1419 747 1460 liceat?
771 1421 829 1459 cui
851 1421 998 1472 plebeio
1022 1426 1059 1459 et
1085 1421 1220 1460 humili
1242 1421 1474 1471 praesidium
1498 1420 1536 1458 in
1560 1420 1615 1458 le-

210 1478 319 1530 gibus
354 1479 453 1525 fore,
489 1478 521 1516 si
556 1479 626 1528 Ap.
655 1478 810 1516 Claudio
849 1489 928 1516 non
965 1475 1046 1516 sit?
1081 1490 1123 1516 se
1157 1478 1391 1516 documento
1424 1477 1615 1522 futurum,

211 1635 251 1655 zu
275 1623 446 1655 beachten.
469 1641 512 1646 —
529 1633 665 1666 provoc.
690 1628 766 1661 etc.,
797 1634 823 1655 s.
849 1623 879 1662 2,

212 1669 264 1708 55,
282 1669 313 1700 7.
328 1687 370 1691 —
385 1671 494 1710 egent.
514 1670 533 1699 ί.
548 1668 579 1707 l.,
598 1669 637 1699 ini
654 1668 878 1708 Begriffseine

211 1714 325 1754 eigene
345 1713 491 1745 Freiheit
509 1724 549 1744 zu
566 1713 745 1744 verlieren.

256 1758 356 1790 9—10.
381 1760 548 1790 maiorum
566 1759 610 1790 ist
627 1758 715 1789 nicht
733 1769 773 1789 zu
790 1758 881 1798 urgi-

212 1813 288 1842 ren,
317 1804 356 1834 da
390 1804 489 1834 deren
522 1804 601 1834 nach
635 1803 671 1835 L.
705 1804 878 1834 bo'cbstens

211 1849 295 1880 zwei
313 1859 354 1879 zu
371 1847 451 1879 Rom
469 1848 592 1889 geleht,
616 1849 680 1879 und
699 1849 740 1879 im
757 1847 879 1888 Hriege

211 1894 416 1933 wenigstens
450 1894 555 1924 nichts
590 1904 653 1924 von
687 1894 881 1933 Bedeutung

212 1939 330 1979 gethan
344 1938 457 1979 haben,
473 1948 499 1969 s.
518 1949 545 1970 c.
564 1938 613 1978 17,
628 1938 657 1969 8.
671 1956 715 1960 —
727 1940 882 1970 max-ima

213 1985 287 2025 ‘'ff-²
305 1983 371 2022 vgl.
383 1993 422 2013 zu
436 1983 527 2022 c.33,
543 1982 573 2014 6.
585 1993 765 2023 -θανωη,
784 1983 812 2023 1,
828 1982 881 2022 28,

216 2029 268 2059 10.
286 2045 331 2050 -
347 2029 500 2070 propria,
526 2028 588 2058 ihm
612 2028 798 2069 perso'nlich
824 2038 883 2058 an-

214 2073 421 2112 geho'rende3
448 2073 478 2103 iu
503 2072 683 2103 Riicksicht
709 2071 768 2103 auf
788 2072 880 2103 seiae

215 2116 414 2149 vorfahren.
440 2135 485 2139 -—
514 2118 637 2148 bona—
654 2117 761 2158 mala,
789 2117 880 2148 seine

214 2161 414 2194 Verdienste
439 2162 503 2192 und
528 2162 619 2193 seine
644 2162 782 2202 Schuld,
814 2171 882 2193 was

216 2207 280 2238 ihm
297 2207 349 2238 bei
363 2207 474 2238 seiner
487 2206 750 2246 Vertheidigung
762 2207 884 2238 niitzen

217 2252 297 2283 oder
320 2252 461 2283 schaden
485 2251 604 2292 konne,
626 2261 652 2283 s.
676 2251 757 2283 Sall.
784 2251 806 2282 Ι.
832 2251 883 2293 73,

215 2297 247 2328 4.
277 2315 321 2319 —
349 2296 401 2328 die
422 2297 529 2337 dicta,
559 2301 631 2327 erst
652 2306 692 2327 au
717 2298 789 2328 dem
814 2295 884 2328 Ge-

216 2342 398 2381 richtstage
427 2341 543 2379 selbst,
571 2352 633 2372 vor
661 2342 733 2372 dem
763 2341 882 2381 Volke,

217 2387 306 2418 nicht
318 2386 407 2427 jetzt
425 2387 524 2418 sehon
542 2387 607 2417 und
624 2387 789 2426 ungeho'rt
813 2386 882 2417 will

217 2441 255 2463 er
272 2432 438 2472 gerichtet
455 2432 525 2463 sein
551 2432 615 2462 und
635 2431 746 2462 Strafe
765 2432 883 2473 leiden,

217 2476 269 2508 die
284 2487 321 2507 er
335 2477 435 2508 sehon
453 2477 483 2507 in
497 2475 781 2516 derVerhaftung,
800 2487 825 2508 s.
842 2487 884 2507 zu

217 2520 238 2563 ξ
256 2521 275 2552 3
293 2532 322 2553 a.
342 2521 391 2562 E„
419 2521 529 2553 findet.
552 2539 596 2544 —
618 2531 801 2563 commune,
825 2522 883 2553 das

219 2566 306 2597 allen
323 2564 666 2607 gemeinschaftliche,
690 2567 731 2598 im
750 2565 883 2606 Gegen-

219 2616 311 2643 satze
326 2622 366 2643 zu
376 2612 447 2643 dem
457 2613 656 2645 vornehmen
666 2611 885 2644 Geschlechte

953 1624 1011 1655 der
1030 1622 1223 1664 Claudier§
1248 1623 1284 1662 93
1312 1622 1369 1660 133
1395 1633 1422 1654 c.
1448 1621 1500 1662 53,
1525 1621 1561 1660 9;
1586 1620 1616 1661 6,

952 1669 1004 1710 40,
1025 1668 1058 1699 6:
1077 1670 1109 1699 si
1125 1668 1450 1709 Claudz'aesamz'liae
1465 1678 1531 1698 non
1543 1668 1619 1707 sim,

953 1714 1114 1746 sedunus
1136 1714 1316 1753 Quiritium
1339 1712 1486 1754 quilibet.
1508 1731 1551 1735 —
1574 1713 1619 1743 ci-

952 1761 1067 1791 vitatis
1085 1761 1199 1798 eit-em,
1219 1759 1262 1790 ist
1279 1758 1471 1801 absichtlich
1490 1766 1618 1787 zusam-

951 1804 1164 1844 mengestellt
1187 1805 1250 1835 wie
1273 1802 1293 1844 ξ
1313 1802 1331 1834 8
1353 1803 1521 1834 libertatis
1536 1819 1558 1823 —
1574 1801 1618 1832 li-

952 1850 1079 1881 berum.

1001 1892 1134 1924 12-13.
1164 1892 1329 1934 foedere,
1359 1902 1386 1922 c.
1421 1890 1473 1928 36,
1509 1890 1546 1929 63
1582 1900 1619 1921 er

953 1939 1108 1970 schliesst
1127 1938 1235 1968 dieses
1256 1937 1387 1976 damus,
1407 1936 1483 1967 weil
1503 1936 1620 1966 keiner

953 1984 1016 2014 ihm
1041 1982 1195 2013 beisteht.
1218 2000 1261 2004 —
1290 1982 1393 2023 leges,
1423 1981 1481 2011 der
1505 1980 1620 2012 Plural

952 2038 1004 2059 um
1024 2038 1064 2058 zu
1082 2027 1239 2067 steigern‚
1263 2037 1290 2058 s.
1309 2038 1334 2057 c.
1360 2026 1412 2065 55,
1438 2026 1476 2064 4;
1506 2025 1556 2057 14.
1575 2043 1619 2047 —

952 2072 1147 2104 consulares
1180 2082 1243 2103 von
1274 2071 1434 2110 consulu,
1465 2071 1618 2102 lrz'bum‘c.

954 2128 1017 2149 von
1038 2116 1205 2148 Tribunen
1224 2117 1438 2156 beantragte;
1463 2116 1514 2147 die
1533 2116 1620 2147 letz-

955 2167 1050 2194 teren
1084 2162 1215 2193 heissen
1243 2162 1314 2192 hier
1341 2170 1492 2201 uugenau
1520 2161 1619 2192 sehon

954 2208 1045 2249 leg-es
1069 2212 1151 2239 statt
1171 2206 1353 2250 plebiscita,
1383 2216 1409 2238 S.
1440 2206 1491 2237 die
1515 2205 1620 2237 Stelle

955 2263 1014 2284 aus
1033 2251 1134 2283 Gaius
1153 2263 1182 2283 z.
1202 2263 1227 2283 c.
1248 2252 1299 2293 55,
1317 2251 1355 2290 33
1381 2250 1466 2283 Gell.
1492 2251 1542 2291 15,
1566 2249 1620 2289 27,

955 2298 990 2329 4:
1025 2309 1067 2329 ne
1093 2297 1185 2339 leges
1213 2297 1344 2339 quidem
1377 2297 1532 2340 proprie,
1562 2294 1623 2327 sed

953 2343 1127 2386 plebiscita
1150 2342 1372 2386 appellantur,
1402 2352 1486 2383 quae
1514 2342 1621 2372 trihu-

954 2389 1010 2419 πίε
1040 2388 1084 2431 pl.
1108 2388 1311 2430 serentibus
1347 2389 1484 2430 accepta
1521 2388 1619 2425 sunt3

955 2433 1136 2465 Mommsen
1159 2432 1297 2464 Forsch.
1325 2431 1398 2462 195.
1420 2449 1466 2454 —
1491 2430 1620 2462 indem-

954 2481 1034 2509 nato
1054 2483 1130 2519 etc.,
1153 2477 1235 2509 noch
1260 2477 1364 2508 bevor
1386 2477 1445 2506 der
1462 2485 1536 2507 vom
1554 2477 1622 2506 An-

955 2522 1073 2562 klager
1111 2522 1268 2563 gestellte
1306 2519 1516 2560 Strafantrag
1547 2530 1621 2551 vom

952 2567 1059 2600 Volke
1083 2568 1271 2608 genehmigt
1294 2567 1354 2607 ist,
1376 2566 1459 2596 ohne
1484 2566 1559 2596 dass
1584 2574 1622 2595 er

955 2613 1024 2644 sich
1056 2613 1112 2644 hat
1143 2611 1372 2652 vertheidigen
1405 2610 1548 2642 kb'nnen.
1578 2627 1621 2632 ——
