1698 2864
84 482 103 513 Na

133 145 215 184 332
635 142 761 175 LIBER
776 141 813 175 11.
863 142 957 175 CAP.
975 143 1028 175 53.
1308 159 1332 179 a.
1353 159 1381 180 u.
1402 151 1552 178 279—251.

134 246 478 297 Hernicorumque
489 244 640 284 auxiliis
654 257 742 284 cum
760 245 934 284 exercitu
950 245 1068 284 Veios
1086 245 1229 285 missus
1248 249 1374 284 castra
1393 243 1548 289 Sabina,

135 315 235 353 quae
255 313 327 353 pro
349 302 559 341 moenibus
579 301 777 341 sociorum
799 302 924 341 locata
942 306 1066 348 erant,
1085 302 1292 341 confestim
1310 300 1550 351 adgreditur,

133 363 363 409 tantamque
384 357 687 410 trepidationem
710 358 857 404 iniecit,
879 363 936 405 ut,
958 359 1053 397 dum
1071 358 1237 410 dispersi
1255 358 1317 396 alii
1333 357 1405 396 alia
1427 357 1552 396 mani-

133 415 298 466 pulatim
315 420 530 454 excurrunt
546 415 593 454 ad
610 415 820 454 arcendam
849 415 1024 453 hostium
1048 415 1139 461 vim,
1163 428 1207 453 ea
1223 419 1347 466 porta,
1366 414 1427 453 cui
1440 413 1551 463 signa

131 471 308 523 primum
329 472 526 517 intulerat,
548 476 767 522 caperetur.
808 471 914 510 intra
936 472 1079 510 vallum
1101 471 1243 510 deinde
1265 471 1405 509 caedes
1428 470 1550 519 magis

131 540 250 579 quam
272 528 466 579 proelium
487 541 586 567 esse.
628 527 823 566 tumultus
853 540 873 565 e
903 528 1040 567 castris
1063 533 1100 566 et
1122 528 1162 566 in
1183 527 1324 566 urbem
1346 531 1548 577 penetrat:

130 592 337 635 tamquam
360 585 446 623 Veis
469 585 603 635 captis,
627 584 680 622 ita
703 583 833 635 pavidi
854 584 1035 623 Veientes
1052 585 1100 623 ad
1118 596 1224 622 arma
1249 587 1424 622 currunt.
1458 588 1550 633 pars

130 641 284 679 Sabinis
308 647 405 679 eunt
428 641 625 687 subsidio,
656 652 746 690 pars
775 640 974 679 Romanos
1005 646 1090 679 toto
1122 641 1274 691 impetu
1305 640 1480 677 intentos
1509 639 1551 676 in

130 702 256 736 castra
280 697 525 735 adoriuntur.
567 696 766 747 paulisper
788 697 912 735 aversi
938 697 1164 748 turbatique
1196 701 1311 741 sunt3
1341 695 1483 733 deinde
1513 700 1552 733 et

130 754 207 805 ipsi
227 758 398 804 utroque
414 754 536 791 versis
554 753 674 802 signis
691 753 893 797 resistunt,
917 759 956 791 et
977 766 1098 803 eques
1115 752 1162 792 ab
1186 752 1346 791 consule
1363 751 1552 790 inmissus

131 810 283 848 Tuscos
307 809 434 848 fundit
456 809 667 859 fugatque3
691 809 907 860 eademque
922 809 1017 847 hora
1036 810 1113 848 duo
1133 809 1340 852 exercitus,
1364 808 1463 847 duae
1480 820 1552 858 po—

130 866 380 905 tentissimae
404 870 441 904 et
462 865 655 904 maximae
678 865 867 903 finitimae
884 870 1021 915 gentes
1038 870 1245 916 superatae
1262 869 1368 910 sunt,
1385 888 1439 893 -—
1451 864 1552 902 Dum

136 923 232 961 haec
246 922 292 960 ad
311 921 426 960 Veios
443 928 646 971 geruntur,
663 922 793 960 Volsci
809 921 1011 972 Aequique
1029 922 1068 960 in
1081 922 1218 960 Latino
1231 933 1320 972 agro
1338 926 1553 972 posuerant

136 984 259 1017 castra
280 978 535 1029 populatique
558 980 654 1016 lines
678 982 804 1017 erant.
842 990 909 1016 eos
931 991 1001 1028 per
1023 991 1064 1016 se
1084 978 1162 1029 ipsi
1183 977 1311 1016 Latini
1334 977 1553 1028 adsumptis

132 1034 312 1074 Hernicis
335 1035 422 1073 siue
444 1034 624 1073 Romano
648 1039 714 1073 aut
738 1035 835 1073 duce
853 1039 919 1073 aut
937 1034 1080 1073 auxilio
1099 1034 1237 1074 castris
1255 1039 1466 1080 exuerunt,
1489 1033 1552 1071 in-

134 1092 241 1141 genti
263 1091 408 1141 praeda
429 1096 584 1141 praeter
606 1104 695 1130 suas
712 1103 752 1129 re
771 1091 949 1141 ·?peratas
967 1104 1031 1130 res
1053 1091 1168 1142 potiti
1190 1096 1294 1129 sunt.
1327 1090 1472 1129 missus
1494 1095 1554 1128 ta-

134 1160 228 1186 men
249 1147 295 1186 al)
319 1148 442 1186 Roma
465 1148 602 1186 consul
622 1148 665 1186 in
699 1148 853 1186 Volscos
883 1147 923 1185 C.
954 1147 1143 1186 Nautius:
1174 1160 1279 1193 mos,
1305 1147 1438 1192 credo,
1471 1157 1553 1184 non

132 1204 307 1255 placebat
338 1204 423 1242 sine
445 1204 622 1242 Romano
648 1204 746 1242 duce
776 1203 1029 1255 exercituque
1051 1204 1180 1243 socios
1210 1203 1380 1254 propriis
1403 1202 1553 1242 viribus

133 1260 387 1311 consiliisque
409 1259 509 1298 bella
531 1273 680 1311 gerere.
705 1260 857 1299 nullum
877 1272 1001 1310 genus
1020 1260 1250 1299 calamitatis
1269 1259 1554 1298 contumeliae-

133 1330 210 1368 que
232 1328 313 1355 non
337 1316 483 1355 editum
507 1317 549 1355 in
571 1317 730 1356 Volscos
754 1322 830 1362 est,
861 1329 933 1355 nec
954 1322 1086 1356 tamen
1108 1316 1270 1368 perpelli
1292 1321 1477 1367 potuere,
1509 1321 1551 1353 ut

131 1374 213 1413 acie
236 1373 477 1412 dimicarent.

133 1489 246 1520 w'zihnt
263 1488 336 1519 ihre
353 1485 450 1518 Hiilfe
469 1487 544 1518 hier
561 1492 687 1525 zuerst,
705 1486 803 1518 Dion.

135 1538 166 1572 ἓ»,
185 1535 204 1565 5
229 1533 329 1564 sehon
349 1532 414 1563 274
432 1542 459 1563 a.
474 1543 505 1563 u.
525 1550 567 1555 —
587 1532 702 1573 Veios,
726 1542 753 1563 s.
775 1532 804 1571 1,

133 1580 189 1617 50,
224 1578 274 1610 12.
318 1596 361 1600 —
402 1587 466 1619 pro
510 1578 693 1616 moenibus,
732 1577 806 1608 dem

133 1623 257 1656 Feinde
284 1622 486 1663 zugekehrt,
518 1623 578 1654 der
607 1621 703 1654 Stadt
731 1632 807 1653 zum

131 1669 289 1701 Schutze.
307 1685 352 1690 —
383 1668 451 1699 alia
479 1667 525 1699 ist
553 1668 723 1699 entweder
740 1667 808 1698 Ad-

132 1712 239 1754 verb„
258 1712 323 1744 wie
342 1713 396 1752 44,
415 1713 469 1752 43,
489 1712 526 1743 3:
550 1711 611 1744 alit·
625 1711 693 1744 alia
711 1733 738 1736 —
755 1711 808 1743 de·-

133 1759 223 1801 Zapsz'
236 1759 418 1797 sunt,oder
437 1767 473 1789 cs
492 1758 535 1790 ist
552 1768 612 1789 aus
631 1758 703 1789 dem
712 1757 806 1798 Folg.

128 1806 227 1847 porta
244 1804 327 1834 dazu
345 1814 385 1834 zu
410 1803 560 1843 nehmen,
582 1804 648 1842 vgl.
667 1815 694 1834 e.
716 1803 768 1843 24,
788 1803 808 1833 4

131 1851 240 1891 parte,
272 1859 313 1879 zu
338 1848 392 1888 42,
425 1849 475 1887 14,
500 1848 529 1889 6,
553 1850 620 1879 und
638 1858 675 1879 ea
695 1859 735 1879 zu
749 1848 807 1879 be-

135 1900 246 1925 tonen.
265 1893 564 1936 —mam‘pulalz’m,
584 1894 617 1924 in
634 1894 808 1925 kleineren

134 1938 402 1978 Abtheilungen,
433 1939 526 1970 nicht
554 1939 678 1977 gerade
707 1939 810 1969 rihni-

135 1985 235 2015 schen
250 1982 430 2024 Manipeln,
448 1983 573 2014 niihere
584 1984 809 2022 Bestimmung

134 2040 200 2060 von
229 2028 384 2070 dispersi.
402 2046 447 2050 —
471 2039 541 2059 esse
573 2030 657 2059 nach
686 2030 808 2067 iniecit,

134 2072 344 2115 adgreditur,
364 2084 389 2104 s.
416 2075 443 2112 1,
461 2074 514 2112 51,
528 2074 810 2114 10.—tamqm1m.

137 2120 169 2150 in
189 2119 261 2150 deni
279 2119 381 2149 Sinne
403 2128 468 2149 von
492 2121 669 2158 tamquam
685 2120 718 2149 εἰ
734 2129 810 2150 ver-

136 2163 254 2195 bindet
271 2163 340 2194 sich
357 2163 420 2194 mit
436 2163 509 2194 delll
527 2163 700 2204 partieip„
719 2163 809 2202 s.21,

137 2210 191 2247 57,
214 2209 272 2246 133
291 2208 345 2247 33,
365 2208 418 2248 39,
449 2209 482 2246 ῖς
508 2208 575 2248 vgl.
597 2210 625 2247 1,
646 2209 699 2249 14,
718 2209 748 2241 8.
767 2227 809 2231 -—

137 2256 205 2285 toto
221 2255 358 2296 impeta,
371 2253 431 2284 mit
448 2253 536 2284 aller
552 2252 674 2292 Macht,
694 2254 760 2293 vgl.
780 2264 807 2285 e.

140 2299 193 2339 lo,
225 2300 275 2338 10,
309 2299 353 2329 im
377 2297 585 2337 Gegensatze
608 2309 648 2329 zu
668 2301 811 2341 utroque,

136 2353 242 2383 gegen
267 2343 362 2375 heide
391 2343 527 2383 Feinde,
556 2344 583 2374 s'.
609 2344 662 2382 21,
691 2344 744 2384 28,
773 2345 809 2384 43

136 2389 234 2420 Dion.
275 2388 431 2420 erwiihnt
470 2389 556 2420 zwei
597 2388 714 2428 Lager.

135 2435 260 2474 αυενεί,
284 2445 314 2464 n.
338 2432 493 2473 Romani,
524 2444 550 2465 s.
580 2436 605 2472 1,
631 2434 661 2474 4,
687 2435 718 2475 3,
737 2445 811 2466 zum

139 2479 305 2511 ‘Weichen
321 2479 493 2519 gebracht,
521 2479 550 2519 7,
582 2479 632 2518 16,
651 2479 688 2519 ὃς
709 2480 760 2519 35,
780 2481 810 2519 5,

142 2524 192 2563 12,
211 2523 408 2564 eigentlich:
427 2524 729 2565 abgewendet‚vou
738 2525 809 2556 dem

138 2569 291 2610 niimlich,
309 2579 379 2600 was
398 2569 447 2600 sie
466 2570 591 2609 thaten,
606 2569 665 2601 der
674 2571 810 2602 Bestiir-

877 1497 976 1528 mung·
994 1487 1052 1519 des
1071 1487 1210 1527 Lagei-s,
1227 1498 1252 1518 s.
1274 1497 1301 1518 c.
1321 1488 1375 1527 45,
1385 1487 1413 1518 2.
1426 1487 1554 1529 —fim'—

878 1534 982 1563 timae
995 1543 1044 1573 gn,
1068 1532 1137 1564 ein
1158 1532 1295 1572 Begrill':
1322 1531 1554 1564 Nachbarvb'l-

880 1577 951 1617 ker,
970 1578 1029 1608 der
1047 1578 1132 1609 zwei
1150 1577 1360 1609 coordinirte
1378 1578 1553 1610 Attribute

880 1622 1004 1662 erlffllt,
1022 1633 1048 1653 s.
1068 1623 1122 1663 28,
1142 1624 1172 1662 l,
1191 1623 1227 1654 8:
1249 1625 1342 1654 omni
1355 1624 1449 1654 iusta
1464 1622 1556 1654 mill·-

880 1669 952 1699 tarz‘
968 1667 1126 1699 custodia.
1145 1668 1213 1699 Den
1233 1667 1393 1709 Triumph
1410 1669 1468 1700 des
1487 1669 1556 1701 Va-

880 1713 997 1753 lerius,
1032 1713 1094 1744 deu
1118 1713 1170 1744 die
1194 1712 1502 1755 Triumphalfasten
1522 1724 1551 1744 u.

880 1758 976 1789 Dion.
997 1759 1028 1800 9,
1046 1759 1089 1790 35
1107 1759 1294 1800 erwahnen,
1318 1759 1375 1790 hat
1401 1759 1439 1790 L.
1456 1759 1556 1790 iiber-

880 1813 1021 1843 gangen.

927 1850 1004 1880 4-0.
1031 1848 1112 1880 dum
1133 1858 1320 1890 -posztel·.,
1345 1859 1370 1880 s.
1398 1860 1425 1880 c.
1446 1850 1498 1888 31,
1525 1849 1555 1880 2.

882 1912 924 1916 —-
941 1904 1001 1936 pez·
1018 1905 1053 1925 se
1077 1896 1109 1933 e'.‚
1139 1892 1193 1924 fiir
1218 1894 1292 1925 sich
1320 1894 1433 1934 allein,
1464 1894 1556 1927 selb-

882 1939 1026 1979 sliindig,
1059 1949 1083 1970 S.
1112 1940 1139 1977 1,
1164 1939 1212 1978 10,
1237 1939 1271 1978 33
1303 1940 1333 1978 3,
1352 1940 1382 1977 6,
1402 1940 1440 1977 53
1471 1940 1555 1971 ohne

882 1983 934 2014 die
953 1984 1119 2015 romische
1144 1983 1242 2015 Hiilfe
1269 1984 1493 2016 abzuwarten.
1513 2003 1554 2006 »a

881 2039 955 2059 mos
972 2034 1050 2069 ete.,
1075 2028 1111 2060 L.
1131 2033 1220 2060 setzt
1242 2029 1307 2060 wie
1337 2040 1364 2060 c.
1385 2030 1438 2068 30,
1458 2029 1477 2061 8
1497 2029 1555 2061 das

883 2074 1017 2115 spiitere
1082 2074 1557 2114 Abh'zingigkeitsverhiiltniss

886 2129 1020 2158 vorans,
1049 2119 1134 2151 nach
1159 2120 1321 2151 weh-hem
1339 2121 1391 2151 die
1406 2121 1489 2151 socii
1503 2118 1556 2151 fiir

883 2164 957 2195 sich
988 2164 1110 2196 keinen
1140 2163 1246 2205 Hrieg
1267 2164 1386 2196 fiihren
1411 2163 1556 2204 durften‚

882 2210 1040 2241 w'zihrend
1064 2208 1153 2250 jetzt
1181 2210 1235 2241 ein
1267 2220 1411 2252 aequum
1433 2210 1557 2252 foedus

883 2255 944 2285 mit
957 2254 1018 2286 den
1033 2255 1196 2287 Latinern
1206 2254 1347 2287 bestand
1361 2256 1425 2287 und
1434 2265 1557 2296 gegeu-

886 2300 988 2339 seitig
997 2299 1094 2332 Hiilfe
1107 2301 1266 2340 geleistet
1274 2301 1408 2332 werden
1420 2305 1554 2338 musste‚

886 2355 910 2376 s.
930 2345 1036 2387 Marq.
1055 2345 1086 2386 3,
1105 2347 1136 2386 2,
1162 2346 1236 2379 301.
1262 2364 1307 2369 —
1330 2347 1436 2378 socios
1452 2366 1480 2369 —
1493 2356 1554 2386 ge-

884 2400 971 2431 rere,
997 2392 1118 2422 ebenso
1145 2391 1235 2422 steht
1259 2391 1320 2423 der
1344 2402 1414 2423 acc.
1440 2402 1468 2423 c.
1496 2390 1554 2422 inl'.

885 2436 969 2466 nach
984 2446 1056 2467 mos
1079 2438 1129 2467 est
1154 2437 1207 2475 40,
1235 2437 1264 2477 6,
1291 2438 1330 2476 53
1357 2437 1411 2477 37,
1435 2436 1489 2475 24,
1515 2437 1553 2474 43

885 2479 953 2512 Cic.
970 2492 1017 2512 or.
1034 2482 1087 2521 44,
1106 2481 1470 2521 15l.—-contumeliae,
1488 2482 1553 2512 wie

884 2536 913 2558 c.
930 2525 984 2565 48,
1004 2527 1034 2557 7.
1064 2544 1108 2549 —
1135 2527 1216 2567 acie,
1235 2526 1301 2559 abl.
1318 2526 1462 2559 modalis
1489 2527 1553 2557 wie

882 2572 1010 2602 ratione
1026 2582 1058 2602 u.
1077 2581 1104 2602 a.
