1698 2864
86 224 113 241 a.
136 216 188 242 Ch.
209 215 270 240 390.
548 205 677 251 LIBER
705 206 743 239 V.
792 205 887 238 CAP.
904 206 958 239 44.
976 207 1031 240 45.

1409 209 1490 248 349

87 307 121 348 si
150 308 259 347 vobis
286 308 326 347 in
352 307 481 347 animo
510 312 569 347 est
593 308 692 347 tueri
721 307 876 346 moenia
905 312 1029 348 vestra
1057 321 1130 348 nec
1148 309 1226 360 pati
1246 309 1340 348 haec
1362 310 1489 348 omnia
1521 319 1538 350 7

88 364 244 404 Galliam
268 364 361 412 fieri,
381 364 503 415 prima
526 364 648 414 vigilia
668 364 790 415 capite
813 376 919 403 arma
938 364 1180 416 frequente53
1203 378 1264 404 me
1285 365 1491 417 sequimini

86 421 134 460 ad
163 421 339 467 caedem,
368 432 449 459 non
476 420 521 458 ad
550 432 733 472 pugnam.
773 419 849 459 nisi
867 420 1016 459 vinctos
1039 433 1180 461 somno
1204 422 1303 460 velut
1323 422 1490 473 pecudes

86 476 338 516 trucidandos
353 476 562 523 tradidere,
584 488 663 515 non
680 489 818 515 recuso
835 477 996 516 eundem
1014 478 1157 516 Ardeae
1172 490 1303 517 rerum
1320 490 1491 517 mearum

87 533 244 581 exitum,
268 545 382 584 quem
401 532 547 571 Romae
566 532 723 572 habui.“
759 533 900 583 Aequis
921 533 1140 584 iniquisque
1162 546 1390 584 persuasum
1413 539 1493 574 erat
1520 537 1575 576 45

84 594 238 628 tantum
267 589 365 628 bello
394 589 517 628 virum
539 589 736 628 neminem
755 601 921 640 usquam
944 602 985 628 ea
1006 595 1235 641 tempestate
1256 602 1353 629 esse,
1396 603 1492 629 con-

87 647 194 685 tione
215 645 376 684 dimissa
400 658 563 697 corpora
586 650 722 685 curant
742 645 888 692 intenti,
912 658 1026 696 quam
1045 659 1136 684 mox
1154 647 1309 696 signum
1327 646 1493 686 daretur.

88 715 165 753 quo
189 702 278 741 dato
300 701 449 752 primae
470 702 622 741 silentio
645 702 770 741 noctis
794 703 841 741 ad
862 707 995 753 portas
1018 702 1175 741 Camillo
1198 707 1352 753 praesto
1374 702 1492 742 fuere.

86 758 235 809 egressi
257 758 357 797 haud
379 758 515 809 procul
536 758 643 804 urbe,
666 759 765 797 sieut
785 758 1024 809 praedictum
1043 763 1133 806 erat,
1156 763 1280 798 castra
1298 759 1493 798 Gallorum
1523 769 1542 801 2

88 814 210 853 intuta
238 815 486 865 neglectaque
515 814 560 853 ab
590 815 697 853 omni
718 819 826 866 parte
847 815 946 853 nacti
971 827 1058 854 cum
1080 815 1225 866 ingenti
1247 815 1413 854 clamore
1432 816 1493 854 in-

87 871 243 910 vadunt.
285 882 475 922 nusquam
494 871 698 922 proelium,
722 871 902 910 omnibus
920 871 1015 910 locis
1033 872 1166 910 caedes
1184 877 1261 919 est3
1284 872 1388 911 nuda
1405 884 1494 910 cor-
1524 881 1543 912 3

89 939 185 978 pora
213 932 251 966 et
271 927 395 966 soluta
419 939 558 965 somno
581 927 833 966 trucidantur.
876 932 1071 966 extremos
1092 932 1221 966 tamen
1243 940 1365 978 pavor
1386 940 1406 966 e
1427 940 1494 967 cu-

89 983 228 1022 bilibus
250 984 333 1022 suis
355 984 517 1030 excitos,
540 996 637 1034 quae
658 988 723 1022 aut
745 984 846 1022 unde
866 983 921 1022 vis
944 989 1058 1030 esset,
1078 984 1234 1034 ignaros
1257 984 1294 1021 in
1310 984 1441 1034 fugam
1459 988 1497 1023 et

91 1039 282 1090 quosdam
320 1039 359 1077 in
395 1040 548 1078 hostem
585 1040 714 1090 ipsum
751 1039 992 1089 improvidos
1029 1039 1125 1078 tulit.
1173 1051 1311 1090 magna
1339 1052 1430 1090 pars
1458 1040 1497 1078 in

90 1107 224 1146 agrum
246 1095 437 1134 Antiatem
469 1095 581 1134 delati
611 1095 835 1134 incursione
863 1095 910 1134 ab
940 1095 1148 1147 oppidanis
1169 1095 1209 1134 in
1231 1096 1379 1146 palatos
1400 1096 1498 1135 faeta

91 1151 456 1190 circumveniuntur.

206 1207 350 1246 Similis
373 1207 411 1246 in
434 1219 524 1258 agro
547 1207 692 1246 Veienti
713 1207 933 1246 Tuscorum
955 1208 1053 1246 faeta
1075 1213 1222 1258 strages
1245 1213 1322 1255 est,
1345 1208 1409 1259 qui
1429 1221 1495 1247 ur-
1525 1215 1546 1245 4

89 1263 148 1302 his
178 1263 252 1302 iam
281 1276 404 1315 prope
433 1264 853 1314 quadringentesimum
877 1276 1021 1302 annum
1044 1263 1200 1310 vicinae,
1223 1276 1431 1315 oppressae
1451 1264 1497 1303 ab

90 1321 204 1359 hoste
236 1320 448 1367 invisitato,
476 1320 648 1359 inaudito
677 1320 771 1358 adeo
800 1319 896 1358 nihil
917 1320 1077 1358 miseriti
1098 1326 1207 1366 sunt,
1238 1320 1340 1359 utin
1362 1333 1495 1371 agrum

90 1377 312 1416 Romanum
349 1389 393 1415 eo
430 1381 606 1426 tempore
636 1376 878 1415 incursiones
908 1376 1094 1421 facerent,
1127 1376 1305 1427 plenique
1333 1377 1496 1427 praedae

88 1432 202 1471 Veios
225 1433 350 1479 etiam,
367 1433 682 1483 praesidiumque
699 1437 735 1471 et
749 1445 859 1483 spem
876 1432 1049 1471 ultimam
1067 1433 1233 1471 Romani
1247 1433 1433 1479 nominis,
1457 1434 1495 1472 in

89 1489 218 1528 animo
255 1489 459 1528 habuerint
487 1501 723 1540 oppugnare.
773 1489 945 1528 viderant
972 1502 1039 1527 eos
1068 1489 1206 1527 milites
1235 1489 1401 1527 Romani
1429 1502 1495 1528 va-
1524 1493 1543 1524 5

90 1550 223 1596 gantes
247 1558 315 1597 per
336 1557 450 1596 agros
473 1550 510 1583 et
526 1550 779 1595 congregatos
797 1545 948 1595 agmine
965 1545 1144 1596 praedam
1163 1557 1254 1596 prae
1271 1558 1312 1584 se
1328 1550 1495 1595 agentes,

90 1607 128 1640 et
154 1606 278 1641 castra
307 1601 513 1640 cernebant
542 1601 642 1640 haud
674 1601 809 1652 procul
833 1601 917 1640 Veis
939 1601 1077 1652 posita.
1120 1601 1207 1640 inde
1229 1602 1398 1652 primum
1420 1602 1494 1640 mi-
1524 1605 1544 1636 6

88 1658 230 1697 seratio
253 1658 326 1705 sui,
351 1657 489 1696 deinde
511 1657 717 1708 indignitas
740 1663 854 1709 atque
875 1671 919 1696 ex
941 1670 983 1696 ea
999 1658 1054 1696 ira
1071 1658 1223 1696 animos
1243 1657 1357 1708 cepit:
1380 1659 1496 1696 Etru—

89 1779 149 1809 ger
171 1769 259 1808 sein,
284 1770 329 1800 ist
351 1780 393 1800 zu
417 1770 596 1809 erg'a'nzen.
620 1787 665 1792 -—
683 1768 758 1801 Gal-

87 1814 181 1852 liam,
199 1815 265 1854 vgl.
286 1814 339 1855 23,
359 1815 389 1854 5,
412 1814 463 1845 13:
483 1814 616 1846 ltaliam
634 1813 756 1847 Numi-

89 1859 212 1891 darum
227 1861 300 1902 pati
315 1861 524 1902 provinciam
541 1871 624 1891 esse.
644 1878 688 1882 —
705 1870 758 1891 me

89 1904 341 1945 vorangestellt,
361 1904 438 1935 weil
451 1905 511 1935 der
525 1904 680 1936 Gedanke
696 1905 756 1936 ist:

88 1949 151 1980 ich
175 1949 244 1980 will
267 1950 348 1980 euch
366 1960 407 1980 zu
424 1968 446 1972 —
461 1948 591 1990 fiihren,
610 1950 759 1988 weniger

89 1995 232 2035 passend
257 1994 346 2025 w'are
365 1995 444 2025 nach
463 1995 521 2026 der
539 1993 662 2026 Veron.
682 1994 759 2026 Hds.

79 2039 350 2081 frequentesque
372 2050 425 2070 me
446 2050 473 2070 s.
499 2057 542 2062 -—
558 2041 704 2079 vinctos,
729 2039 759 2081 9,

91 2082 151 2123 30,
182 2083 218 2114 9:
247 2085 280 2115 in
304 2083 460 2126 plaustra
488 2095 606 2116 somno
630 2086 759 2116 vinctos

89 2130 269 2169 coniciunt,
287 2128 366 2160 Tac.
383 2129 467 2160 Ann.
491 2129 516 2171 1,
534 2128 587 2161 65.

136 2167 205 2205 45.
240 2172 338 2204 1-3.
374 2174 503 2215 Aequis
531 2175 593 2214 in„
623 2174 756 2206 Freund

89 2219 155 2249 und
175 2218 291 2251 Feind:
309 2218 424 2260 22,26,
435 2219 465 2256 5,
480 2218 548 2259 vgl.
563 2218 594 2256 2,
606 2218 659 2257 32,
670 2219 699 2249 7.
714 2237 759 2242 —

89 2273 189 2305 quam
205 2274 303 2302 τηατ,
323 2262 358 2301 3,
377 2262 428 2304 37,
448 2264 479 2294 5.
497 2281 540 2287 —
559 2265 680 2305 prima,
700 2264 758 2295 das

89 2308 149 2340 mit
165 2309 236 2339 dem
256 2309 409 2340 Anbruch
427 2309 486 2339 der
501 2308 607 2340 Nacht
623 2309 758 2340 eintrat.

90 2371 134 2375 ——
157 2353 269 2385 soluta
291 2365 339 2394 s.,
365 2353 427 2384 wie
452 2353 518 2384 Cic.
544 2353 617 2384 Div.
646 2353 679 2393 1,
703 2353 757 2394 56,

94 2397 173 2430 128:
211 2409 306 2430 mens
339 2398 449 2430 soluta
480 2409 598 2430 somno
632 2400 757 2438 cernit3

90 2442 193 2483 Verg.
218 2443 301 2475 Aen.
327 2443 364 2483 9,
390 2442 469 2474 236:
499 2443 618 2475 Rutuli
639 2453 757 2475 somno

89 2489 230 2529 vinoque
251 2488 364 2520 soluti.
388 2506 433 2510 —
456 2491 488 2519 et
512 2488 676 2528 quosdam.
698 2489 759 2519 be-

91 2533 179 2564 zieht
208 2533 277 2564 sich
301 2531 360 2564 auf
379 2534 473 2564 einen
499 2533 594 2564 Theil
619 2534 679 2564 der
700 2534 759 2566 mit

89 2580 264 2610 eoelremos
281 2578 530 2618 bezeichneten,
546 2589 571 2609 s.
586 2578 638 2617 30,
653 2578 684 2618 5,
703 2578 758 2610 10:

89 2624 312 2655 semisomnos
329 2642 351 2646 —
366 2623 476 2655 multi.

876 1770 908 1801 4.
939 1768 1141 1810 Tuscorum,
1167 1770 1218 1801 die
1242 1768 1370 1801 Gallier
1393 1769 1495 1801 haben

830 1813 889 1845 auf
908 1814 1010 1845 ihrem
1035 1815 1171 1846 raschen
1191 1814 1282 1853 Zuge
1309 1815 1360 1845 die
1385 1812 1499 1845 ferner

831 1859 1003 1899 liegenden
1020 1859 1137 1891 Stadte
1152 1861 1214 1891 wie
1229 1859 1397 1901 Tarquinii
1411 1870 1443 1890 u.
1459 1869 1498 1900 a.,

832 1905 882 1935 die
909 1905 981 1935 hier
1004 1906 1148 1944 gemeint
1172 1915 1213 1936 zu
1237 1904 1308 1935 sein
1329 1904 1496 1944 scheineu,

830 1950 1021 1990 verschont,
1040 1950 1104 1981 und
1123 1950 1194 1981 sind
1212 1950 1292 1980 nach
1313 1949 1350 1981 L.
1367 1950 1448 1980 auch
1466 1949 1498 1980 in

832 1995 892 2025 der
920 1993 1013 2026 Niihe
1041 2005 1105 2025 von
1129 1994 1211 2026 Rom
1240 1994 1330 2025 nicht
1358 1992 1418 2025 auf
1441 1995 1498 2025 das

832 2040 944 2071 rechte
954 2038 1132 2071 Tiberufer
1144 2039 1348 2080 gekommen.
1358 2056 1402 2061 —
1415 2038 1498 2070 adeo

831 2085 918 2125 m'lz„
942 2095 969 2116 s.
988 2083 1018 2122 3,
1038 2084 1069 2122 2,
1087 2084 1118 2115 6.
1137 2102 1181 2107 —
1198 2085 1378 2116 habuerint
1394 2084 1499 2115 neben

820 2130 996 2171 facerent,
1015 2140 1041 2160 s.
1060 2129 1119 2170 24,
1143 2129 1203 2168 40,
1224 2129 1280 2161 12:
1305 2132 1345 2161 ut
1360 2147 1382 2151 -
1399 2139 1499 2160 cona-

832 2177 928 2206 retur
942 2193 965 2197 —
980 2176 1195 2217 perfuger2't3
1221 2174 1315 2206 Caes.
1342 2174 1370 2212 7,
1393 2174 1442 2211 17,
1462 2172 1499 2211 3;

831 2219 925 2251 Suet.
946 2219 1038 2251 Caes.
1058 2219 1100 2250 39
1119 2231 1148 2251 u.
1167 2230 1208 2258 a.‚
1225 2230 1263 2250 an
1283 2230 1312 2250 u.
1333 2219 1379 2250 St.
1398 2218 1500 2249 findet

827 2265 947 2305 jedoch
972 2265 1031 2296 der
1056 2264 1272 2296 Unterschied
1297 2267 1396 2302 statt,
1422 2263 1498 2294 dass

830 2312 863 2341 in
886 2311 998 2341 auimo
1022 2310 1096 2340 hab.
1124 2320 1197 2351 opp,
1224 2307 1289 2339 fast
1312 2308 1418 2347 gleich
1437 2308 1497 2338 ist:

832 2355 1066 2398 oppugnaturi
1099 2354 1249 2395 suerint.
1289 2370 1334 2375 —
1364 2363 1498 2395 praest-

831 2399 997 2440 diumque,
1016 2399 1081 2438 vgl.
1100 2409 1126 2429 c.
1147 2398 1200 2438 38,
1220 2398 1250 2429 9.

877 2445 965 2475 5-7.
997 2446 1161 2484 vag-antes
1186 2443 1249 2474 und
1271 2445 1497 2484 cong-rogatos

831 2489 954 2529 (dieses
969 2489 1154 2519 entweder:
1169 2487 1385 2527 undAndere,
1401 2488 1497 2518 oder:

831 2535 896 2565 und
911 2534 1008 2570 daun)
1023 2533 1094 2564 sind
1107 2533 1330 2572 Bestimmung
1344 2543 1383 2563 zu
1393 2542 1499 2574 agen-

833 2582 898 2610 tes:
925 2579 987 2608 wie
1006 2579 1054 2608 sie
1073 2582 1244 2608 zerstreut
1261 2596 1283 2599 —
1300 2577 1445 2615 trieben,
1469 2577 1497 2617 l,

832 2623 885 2664 21,
907 2623 934 2654 1.
950 2641 993 2645 ——
1014 2622 1198 2664 inde‘gvzicas
1217 2622 1411 2654 bezeichnet
1430 2622 1497 2653 bis-
