1698 2864
83 251 109 269 a.
130 244 184 270 Ch.
203 243 265 268 450.

575 230 704 263 LIBER
729 230 783 263 111.
831 231 924 264 CAP.
951 232 1005 264 36.
1434 235 1483 272 71

83 349 185 377 unus
220 336 343 375 fasces
381 333 559 380 haberet,
588 338 626 372 et
662 333 737 372 hoc
771 333 923 384 insigne
956 333 1104 384 regium
1139 335 1178 373 in
1215 335 1348 375 orbem
1377 347 1488 374 suam

85 395 268 444 cuiusque
303 392 422 430 vicem
458 402 527 441 per
561 402 698 429 omnes
726 389 817 436 iret,
847 389 975 429 subito
1014 402 1151 429 omnes
1182 404 1269 430 cum
1298 392 1487 431 duodenis

84 450 252 490 fascibus
287 447 478 498 prodiere.

540 452 695 486 centum
731 446 864 497 viginti
898 446 1053 485 lictores
1089 447 1219 485 forum
1253 448 1491 499 inpleverant
1519 455 1539 486 4

86 512 123 546 et
156 517 242 544 cum
276 503 445 543 fascibus
486 516 643 542 secures
670 503 845 554 inligatas
874 503 1161 554 praeferebant:
1191 515 1261 542 nec
1289 504 1491 543 attinuisse

85 561 185 602 demi
213 573 406 607 securem,
436 572 523 599 cum
553 561 636 598 sine
663 559 939 611 provocatione
961 559 1075 599 creati
1096 565 1239 605 essent,
1260 559 1490 611 interpreta-

83 618 235 658 bantur.
276 618 408 656 decem
435 628 569 667 regum
599 616 746 668 species
768 622 866 663 erat,
894 616 1246 668 multiplicatusque
1267 622 1395 655 terror
1411 629 1491 656 non

84 674 229 714 infimis
259 674 385 713 solum
413 674 480 712 sed
515 673 752 724 primoribus
783 679 958 724 patrum,
990 673 1083 712 ratis
1111 673 1236 712 caedis
1266 685 1421 712 causam
1450 686 1493 712 ac

87 730 320 783 principium
343 730 491 782 quaeri,
523 735 582 776 ut,
607 730 640 769 si
661 729 746 781 quis
768 742 983 769 memorem
1005 729 1189 769 libertatis
1212 743 1346 769 vocem
1370 735 1435 769 aut
1454 730 1493 768 in

88 792 223 827 senatu
253 793 317 826 aut
346 787 384 826 in
412 787 556 838 populo
588 787 779 832 misisset,
809 787 936 825 statim
968 787 1092 837 virgae
1121 799 1357 838 securesque
1380 786 1493 825 etiam

87 844 134 883 ad
165 848 383 883 ceterorum
416 849 563 882 metum
593 843 875 893 expedirentur.
925 855 1014 881 nam
1038 849 1305 895 praeterquam
1330 843 1433 894 quod
1455 843 1494 882 in
1531 849 1542 858 ³

87 900 232 952 populo
260 900 353 938 nibil
376 905 456 938 erat
475 900 658 951 praesidii
680 899 828 939 sublata
851 901 1146 950 provocatione,
1172 897 1492 939 intercessionem

89 969 242 1008 quoque
259 968 455 995 consensu
473 956 722 1002 sustulerant,
744 969 830 995 cum
848 957 998 1006 priores
1014 956 1219 995 decemviri
1238 957 1495 1007 appellatione

88 1013 253 1063 collegae
282 1013 421 1062 corrigi
452 1012 599 1050 reddita
628 1012 674 1050 ab
702 1024 743 1050 se
771 1012 854 1051 iura
882 1012 1077 1058 tulissent,
1106 1018 1143 1051 et
1171 1013 1378 1063 quaedam,
1402 1026 1497 1064 quae

88 1068 147 1108 sui
176 1068 304 1107 iudicii
333 1068 450 1106 videri
480 1073 660 1119 possent,
691 1069 737 1107 ad
768 1068 956 1120 populum
987 1069 1226 1108 reiecissent.
1263 1069 1497 1120 aliquamdiu

88 1129 271 1175 aequatus
294 1125 392 1163 inter
409 1136 545 1163 omnes
563 1124 788 1172 terrorfuit3
806 1125 988 1176 paulatim
1006 1130 1111 1164 totus
1130 1131 1274 1164 vertere
1290 1125 1329 1164 in
1346 1126 1497 1177 plebem

90 1182 228 1232 coepit.
270 1181 534 1220 abstinebatur
550 1194 569 1220 a
592 1181 786 1233 patribus,
808 1182 846 1220 in
868 1181 1095 1220 humiliores
1116 1181 1338 1221 lubidinose
1359 1183 1499 1222 crude-

89 1238 251 1288 literque
289 1237 572 1277 consulebatur.
617 1238 823 1277 hominurn
851 1250 931 1276 non
965 1251 1169 1277 causarum
1200 1239 1269 1277 toti
1301 1245 1429 1285 erant,
1459 1245 1501 1278 ut

91 1294 191 1346 apud
227 1306 325 1344 quos
364 1294 482 1345 gratia
506 1295 580 1332 vim
609 1294 720 1345 aequi
750 1295 917 1333 haberet.
968 1294 1104 1334 iudicia
1135 1295 1241 1333 domi
1271 1296 1501 1341 conflabant,

90 1350 395 1402 pronuntiabant
421 1351 459 1388 in
487 1350 587 1389 foro.
635 1352 666 1389 si
690 1351 774 1402 quis
804 1350 985 1402 collegam
1017 1351 1265 1403 appellasset,
1294 1352 1340 1391 ab
1368 1365 1427 1400 eo,
1455 1353 1501 1391 ad

89 1442 263 1483 —sasces
286 1450 434 1480 genauer
456 1441 506 1472 als
531 1451 557 1472 c.
583 1440 635 1479 33,
661 1440 690 1472 8.
715 1459 758 1463 -

89 1488 122 1518 in
141 1488 265 1525 orbem,
292 1485 319 1524 1,
348 1486 396 1527 17,
419 1485 448 1517 6.
473 1504 517 1508 —
534 1497 633 1518 suam
657 1496 684 1517 c.
710 1488 759 1517 vi-

90 1542 172 1570 cem,
197 1542 233 1562 so
259 1532 321 1562 wie
341 1531 388 1562 sie
412 1541 451 1562 an
473 1531 573 1571 jeden
593 1531 759 1572 jedesmal

90 1587 129 1608 an
154 1577 265 1607 seiuer
289 1576 395 1607 stelle
426 1577 562 1615 kamen,
593 1577 652 1607 der
674 1576 760 1607 Aus-

91 1621 194 1653 druck
229 1622 272 1652 ist
305 1621 540 1663 pleonastisch.
571 1639 616 1644 —
648 1623 760 1653 subito

90 1665 189 1707 fuihrt,
208 1667 271 1697 wie
291 1667 372 1697 noch
391 1666 541 1706 ha'ufiger
558 1669 705 1709 repente,
732 1678 759 1698 s.

90 1712 144 1751 21,
169 1712 221 1750 57,
247 1710 298 1750 13,
322 1712 395 1742 eine
413 1712 474 1742 deu
494 1712 535 1743 im
552 1711 762 1743 Nebensatze

91 1757 330 1796 dargestellten
343 1756 491 1787 Zustand
502 1757 762 1789 unterbrechen-

23 1840 28 1844 Ι
90 1802 129 1833 de
148 1802 229 1833 oder
245 1800 449 1832 aufhebende
464 1801 650 1834 Tbatsache
669 1803 734 1834 ein.

135 1847 213 1878 4-5.
239 1847 370 1889 inpleta,
395 1857 422 1879 s.
441 1847 494 1885 32,
524 1847 573 1886 12,
599 1846 629 1878 3.
646 1865 690 1870 ——
707 1849 759 1879 in-

91 1894 229 1935 terpret.
250 1903 278 1922 c.
298 1892 350 1932 20,
370 1892 400 1923 5.
425 1910 467 1914 -—
491 1903 653 1933 securem,
678 1894 759 1924 nach

89 1947 225 1969 secures
248 1936 269 1979 ξ
293 1938 323 1976 4,
349 1937 512 1977 abstract,
542 1938 592 1968 als
622 1938 759 1980 Symbol

91 1983 150 2014 dei·
166 1982 298 2014 Gewalt
320 1982 403 2013 iiber
421 1982 530 2013 Leben
559 1993 589 2013 u.
610 1982 692 2022 Tod,
717 1984 758 2014 da

89 2038 154 2059 von
179 2028 238 2058 den
259 2028 453 2059 Decemvirn
475 2028 565 2059 nicht
587 2029 760 2070 provocirt

90 2073 225 2104 werden
244 2073 347 2112 kann,
365 2083 391 2104 s.
412 2072 448 2112 2,
474 2073 510 2113 8,
530 2072 561 2104 2.
592 2074 657 2105 Das
677 2074 760 2105 Des-

92 2118 240 2160 potische
260 2119 393 2159 (regum
410 2121 549 2160 species,
573 2119 638 2159 vgl.
657 2130 686 2150 c.
705 2118 758 2161 38,

95 2164 131 2201 13
157 2162 209 2199 39,
239 2163 267 2202 1)
293 2163 358 2202 lag,
382 2163 421 2194 da
444 2164 543 2194 sehon
567 2164 618 2196 die
643 2169 758 2195 ersten

92 2207 287 2239 Decemvirn
313 2208 364 2238 die
392 2208 481 2239 Beile
506 2209 619 2240 hatten
643 2209 757 2241 behal-

92 2257 146 2284 ten
167 2253 306 2291 kiinnem
327 2253 430 2293 darin,
456 2254 531 2284 dass
549 2254 613 2285 alle
636 2255 674 2286 10
699 2256 759 2286 mit

92 2298 271 2329 denselben
290 2298 496 2330 erschienen.
514 2317 559 2322 —
574 2301 606 2331 in
623 2300 758 2343 popul0,

92 2343 122 2374 in
142 2343 334 2396 Contionen,
360 2343 425 2383 vgl.
451 2355 479 2375 c.
506 2344 560 2382 41,
588 2345 622 2379 1·
647 2345 759 2386 30,1‚

93 2389 129 2420 5.
154 2391 215 2420 aut
236 2400 268 2419 m
293 2392 414 2420 senatu
438 2392 499 2420 aut
520 2390 564 2422 ad
585 2391 759 2433 populum,

92 2434 154 2465 wie
180 2434 357 2473 Drakenb,
382 2435 459 2465 weil
483 2435 534 2466 die
554 2435 629 2466 Hss.
651 2447 759 2479 popu-

93 2478 164 2511 lum
187 2479 302 2518 baben,
326 2480 407 2510 auch
432 2490 471 2510 an
496 2491 528 2511 u.
554 2480 602 2512 St.
627 2491 760 2512 vermu-

93 2524 176 2557 thet.
224 2524 268 2555 lm
297 2529 410 2556 ersten
440 2526 539 2556 Jahre
573 2526 645 2557 sind
679 2527 761 2558 noch

94 2568 230 2600 Senats-
269 2570 331 2601 und
366 2570 761 2613 Volksversammlungen

95 2615 247 2654 gehalten
266 2616 413 2654 worden,
432 2626 458 2647 5.
478 2627 504 2647 e.
525 2616 578 2655 39,
597 2616 627 2648 9.
653 2635 696 2640 -—
720 2617 765 2649 ad

93 2662 230 2702 metum,
248 2659 279 2701 2,
298 2660 351 2702 27,
370 2660 407 2700 63
426 2660 457 2702 9,
476 2661 528 2702 40,
550 2662 601 2693 17.

877 1441 907 1472 6.
934 1443 1219 1484 intercessionem,
1243 1452 1270 1473 s.
1289 1453 1316 1473 c.
1337 1440 1390 1480 34,
1409 1440 1440 1473 8.
1457 1459 1503 1464 —

833 1497 1013 1527 consensu,
1053 1489 1133 1518 nach
1165 1467 1441 1525 Uebereinkunst,
1475 1496 1501 1518 s.

833 1543 860 1563 c.
881 1531 934 1570 56,
956 1531 1014 1570 123
1036 1532 1130 1564 Dion
1153 1533 1203 1572 10,
1231 1533 1288 1565 59:
1315 1528 1422 1583 ὅρκια
1445 1542 1498 1564 τε·

831 1574 906 1628 μάν
910 1587 966 1612 τες
983 1574 1176 1630 ἀπόῤῥητα
1194 1579 1243 1620 τῷ
1261 1574 1346 1618 πλή
1344 1580 1395 1609 ‘w
1417 1587 1503 1609 συν-

834 1618 952 1663 ‘hystas-
965 1624 1104 1674 σφισιν
1122 1619 1247 1659 αὐτοῖς
1265 1621 1395 1655 ἔθεντο
1419 1622 1504 1666 περὶ

833 1664 998 1710 μηθενὸς
1030 1665 1199 1708 (ἔλλη)οις
1226 1667 1503 1700 ἐναντιοῦσθαι.

837 1712 945 1745 Ueber
967 1713 1018 1744 die
1038 1713 1388 1753 Zusammenstellung
1412 1723 1502 1744 cons.

833 1761 918 1789 sust.
942 1769 970 1789 c.
993 1758 1049 1799 19,
1069 1758 1103 1789 7:
1128 1760 1189 1790 lzos
1206 1760 1326 1791 hostis.
1344 1776 1388 1781 —-
1405 1758 1503 1790 colle-

831 1814 910 1844 gae,
925 1803 1015 1834 eines
1034 1803 1116 1835 Coll.
1134 1822 1177 1827 —
1195 1806 1332 1845 corrig-i,
1352 1804 1426 1835 eine
1444 1814 1503 1834 an*-

833 1850 930 1887 dere,
961 1848 1097 1880 bessere
1122 1849 1371 1889 Eutscheidung
1398 1849 1502 1888 geben

832 1894 956 1925 lassen.
986 1913 1028 1916 —
1059 1894 1191 1936 quaed„
1229 1906 1256 1927 c.
1288 1894 1346 1937 331,
1379 1894 1429 1925 11.
1460 1912 1504 1917 -

833 1940 1039 1978 reiecissent,
1065 1940 1095 1980 5,
1116 1939 1168 1979 22,
1190 1940 1218 1971 1.

879 1983 954 2015 7-8.
972 1987 1071 2024 inter,
1089 1985 1195 2025 gleich
1221 1984 1382 2016 vertlieilt
1405 1988 1504 2015 unter

832 2039 936 2067 usw.;
962 2029 1015 2069 27,
1035 2030 1088 2068 50,
1116 2030 1170 2061 10:
1196 2029 1389 2074 dispensari
1403 2031 1503 2061 inter.

830 2092 868 2096 —
896 2077 1029 2116 aequat.
1045 2076 1179 2117 —fm't.,
1209 2085 1234 2107 s.
1258 2086 1285 2106 c.
1311 2074 1364 2113 26,
1393 2074 1442 2107 11.
1462 2093 1506 2097 —

832 2121 1066 2151 abstinebatur
1082 2131 1112 2151 a.
1130 2132 1163 2164 p.
1182 2131 1241 2152 aus
1260 2121 1331 2152 dem
1350 2119 1429 2160 folg.
1455 2120 1505 2151 Iu-

833 2165 984 2197 bidinose
1003 2166 1231 2205 (witlkiirlich)
1249 2171 1313 2198 etc.
1332 2176 1372 2197 zu
1392 2165 1504 2197 erklii-

834 2221 906 2243 ren.
923 2228 966 2233 —
984 2211 1154 2243 hominum
1175 2222 1231 2252 ε1·.,
1256 2212 1417 2252 geliiirten
1443 2212 1503 2242 den

834 2255 1013 2287 Menschen
1039 2267 1095 2298 an,
1119 2262 1294 2288 vertraten
1325 2257 1426 2288 deren
1451 2256 1503 2287 ln-

832 2306 981 2340 teresse3
1022 2302 1254 2342 Bezeichnung
1285 2303 1344 2333 der
1376 2301 1505 2333 Par-tei-

833 2347 986 2385 lichkeit,
1017 2347 1083 2387 vgl.
1114 2358 1141 2379 c.
1173 2348 1226 2386 59,
1256 2348 1293 2378 4:
1324 2346 1413 2389 quod
1442 2348 1505 2378 toti

832 2392 1122 2435 plebissuz'ssent:
1144 2404 1169 2424 c.
1191 2392 1244 2433 38,
1266 2393 1324 2426 11:
1350 2392 1380 2429 6,
1410 2392 1460 2431 14,
1484 2392 1503 2422 9

833 2448 863 2468 u.
883 2448 912 2468 a.
931 2456 973 2459 —
989 2439 1119 2480 gratia,
1138 2438 1168 2478 2,
1189 2437 1218 2479 3,
1242 2437 1272 2469 3.
1290 2456 1335 2460 —
1358 2437 1450 2469 domi
1464 2447 1503 2477 c.‚

834 2483 998 2522 gebeimes
1022 2482 1217 2523 Versahren,
1252 2484 1291 2514 da
1320 2487 1415 2514 sonst
1437 2482 1502 2513 alle

835 2527 1078 2560 Reclitssachen
1110 2528 1276 2559 iiffentlich
1306 2527 1504 2558 verliandelt

835 2574 981 2613 werden,
1010 2574 1078 2614 vgl.
1110 2573 1176 2605 Cic.
1206 2573 1284 2615 Rep.
1376 2571 1428 2603 36.
1459 2589 1503 2595 ——-

835 2618 987 2661 corfflab,
1011 2619 1245 2650 schiniedeten.
1269 2636 1313 2640 —
1314 2573 1503 2660 2appellas-

834 2667 887 2696 set
909 2669 985 2706 etc.,
1013 2663 1287 2704 Wiedeiholung,
1310 2673 1337 2694 c.
1362 2663 1415 2703 50,
1442 2662 1500 2703 123
