1698 2864
65 253 91 271 a.
112 244 166 271 ch.
185 245 247 271 461.
519 231 647 265 LIBER
671 231 725 265 111.
773 232 867 265 CAP.
896 233 947 266 13.
974 234 1027 267 14.

66 337 215 384 deliter⁷
245 340 287 376 ut
320 333 522 375 divenditis
552 334 734 374 omnibus
762 334 877 374 bonis
906 334 1139 387 aliquamdiu
1166 341 1272 377 trans
1301 336 1471 377 Tiberim

65 394 181 434 veluti
201 392 389 443 relegatus
411 391 521 430 devio
545 392 713 442 quodam
735 391 892 442 tugurio
914 391 1066 430 viveret.
1166 431 1171 435 ,

176 450 259 488 Hoc
278 448 461 488 iudicium
480 452 517 487 et
533 447 776 498 promulgata
792 449 851 487 lex
867 447 1037 487 exercuit
1053 448 1259 493 civitatem;
1281 449 1327 487 ab
1345 455 1470 490 exter-

64 506 124 545 nis
152 505 269 544 armis
292 504 414 544 otium
435 504 519 543 fuit.
561 517 648 543 cum
670 505 770 543 velut
791 504 955 544 victores
979 504 1121 543 tribuni
1142 505 1329 555 perculsis
1351 508 1470 557 patri-

62 561 134 601 bus
156 561 341 600 Caesonis
364 561 473 600 exilio
492 572 614 612 prope
630 561 816 612 perlatam
834 573 919 600 esse
937 561 1137 600 crederent
1152 561 1287 611 legem,
1310 567 1346 600 et
1366 563 1471 613 quod

61 617 108 656 ad
126 617 300 657 seniores
318 623 470 669 patrum
488 618 698 669 pertineret
714 618 924 657 cessissent
939 617 1194 668 possessione
1209 617 1265 656 rei
1281 617 1470 668 publicae,

61 673 248 721 iuniores,
271 674 308 713 id
330 674 507 720 maxime,
529 674 634 724 quod
651 673 835 713 Caesonis
859 674 1050 713 sodalium
1066 673 1149 720 fuit,
1170 686 1309 712 auxere
1331 673 1406 713 iras
1428 675 1469 714 in

61 730 231 781 plebem,
260 742 340 769 non
368 731 592 769 minuerunt
619 730 785 769 animos.
834 731 901 769 sed
930 731 979 769 ibi
1008 730 1223 781 plurimum
1252 731 1470 781 profectum

61 791 133 832 est,
156 787 259 838 quod
281 788 399 825 modo
422 787 591 838 quodam
613 792 876 838 temperavere
898 787 1066 838 impetus
1089 799 1195 826 suos.
1237 799 1323 825 cum
1341 788 1469 839 primo

61 848 153 894 post
181 843 367 882 Caesonis
401 844 556 882 exilium
591 843 649 882 lex
679 848 817 894 coepta
845 844 937 882 ferri
958 848 1036 890 est,
1064 844 1243 882 instructi
1272 844 1471 896 paratique

62 912 150 938 cum
172 900 316 951 ingenti
333 900 526 939 clientium
549 900 716 939 exercitu
738 900 794 939 sic
813 900 1005 946 tribunos,
1027 899 1094 938 ubi
1116 900 1287 951 primum
1305 900 1471 939 submo-

61 960 193 995 ventes
216 957 428 1007 praebuere
451 969 619 1005 causam,
643 956 769 995 adorti
790 962 893 1001 sunt,
916 961 959 995 ut
979 968 1096 994 nemo
1118 968 1221 994 unus
1245 956 1334 994 inde
1356 969 1470 1007 prae-

61 1012 217 1062 cipuum
239 1014 448 1063 quicquam
465 1012 606 1062 gloriae
624 1012 784 1051 domum
802 1012 1012 1051 invidiaeve
1028 1012 1157 1060 ferret,
1180 1011 1282 1050 mille
1298 1024 1370 1062 pro
1388 1025 1468 1052 uno

59 1066 251 1106 Caesones
272 1069 443 1107 extitisse
464 1068 596 1118 plebes
620 1073 855 1118 quereretur.
896 1068 1034 1106 mediis
1057 1067 1192 1106 diebus
1206 1098 1214 1114 ‚
1236 1068 1375 1118 quibus
1397 1069 1468 1107 tri—

59 1123 152 1162 buni
173 1124 219 1162 de
239 1124 319 1174 lege
339 1136 418 1163 non
440 1129 608 1175 agerent,
632 1124 725 1164 nihil
747 1124 892 1163 eisdem
914 1124 985 1163 illis
1008 1124 1194 1175 placidius
1215 1129 1280 1163 aut
1301 1125 1469 1175 quietius

61 1185 159 1219 erat:
182 1179 348 1230 benigne
369 1181 546 1228 salutare,
569 1181 724 1232 adloqui
747 1181 867 1232 plebis
891 1180 1087 1227 homines,
1114 1181 1275 1219 domum
1297 1180 1467 1227 invitare,

61 1315 101 1346 da
134 1315 186 1346 die
220 1314 368 1354 Biirgen,
407 1325 472 1346 von
506 1315 611 1346 denen
648 1315 729 1346 nach

60 1359 199 1401 Dionys.
217 1360 275 1390 das
294 1359 378 1391 Geld
396 1360 529 1399 gezahlt
545 1361 640 1399 wird,
659 1359 730 1391 haf-

61 1409 165 1443 teteu,
183 1404 331 1444 obgleicb
351 1405 411 1435 der
428 1404 534 1436 Vater
551 1415 587 1435 es
616 1405 729 1436 diesen

60 1449 151 1480 h'a'tte
169 1450 294 1480 wieder
312 1454 478 1480 erstatten
498 1449 642 1489 konnen,
660 1450 729 1489 vgl.

60 1493 135 1525 val.
155 1493 244 1525 Max.
264 1493 283 1525 l.
310 1494 351 1531 l.3
378 1493 415 1525 L.
442 1494 493 1535 38,
521 1495 574 1533 60,
599 1495 631 1526 9.
648 1505 730 1526 -—-a

60 1542 168 1582 patre,
191 1539 244 1570 die
270 1538 540 1571 Undeutlichkeit
565 1539 728 1571 bebt1wie

60 1583 236 1623 c.1,4;6,
255 1582 360 1622 22,4;
382 1584 409 1625 7,
431 1584 481 1624 18,
502 1584 537 1623 13
556 1585 598 1616 ib.
614 1584 668 1624 41,
688 1585 727 1624 53

62 1627 92 1668 8,
114 1628 164 1668 12,
194 1629 230 1659 17
252 1639 282 1659 u.
301 1639 331 1660 a.
356 1630 415 1660 der
431 1629 727 1669 Zusammenhang.

60 1692 98 1696 —
133 1677 230 1705 trans
258 1672 339 1713 Tib,
371 1674 565 1705 ausserbalb
595 1675 653 1705 des
678 1675 727 1705 ei-

61 1718 250 1758 gentliehen
281 1719 467 1750 r61nischen
500 1718 669 1758 Gebietes‚
699 1730 727 1751 s.

64 1764 92 1804 1,
111 1762 142 1802 3,
161 1764 198 1797 5:
223 1763 254 1803 S,
282 1763 330 1804 14,
357 1764 394 1794 5:
419 1765 521 1795 daher
544 1764 727 1807 relegatus,

60 1819 88 1839 o.
121 1808 172 1847 10,
200 1808 250 1839 12.
269 1826 313 1831 —
331 1808 435 1849 dez-io,
461 1809 526 1848 vgl.
545 1809 625 1840 Tae.
643 1811 725 1841 Ann.

60 1853 90 1894 2,
108 1852 167 1884 34:
191 1854 361 1885 victurum
378 1857 410 1885 in
429 1854 538 1895 aliquo
554 1854 670 1886 abdito
695 1857 727 1886 et

58 1898 238 1940 longinquo
253 1909 343 1931 rure.
353 1916 397 1922 -—
411 1902 542 1940 iugula,
558 1900 610 1930 die
625 1900 726 1931 Hiitte

58 1944 150 1975 eines
181 1943 431 1985 Hintersassen,
462 1945 503 1975 im
534 1944 725 1985 Gegensatz

59 1999 99 2020 zu
116 1988 175 2019 der
191 1989 278 2020 villa.

105 2027 171 2065 14-
199 2034 272 2065 1-3.
291 2036 454 2074 exercuit,
482 2035 562 2066 bielt
585 2035 616 2066 in
635 2033 725 2066 Thii-

59 2078 187 2117 tigkeit,
203 2078 392 2120 Spannung,
412 2080 478 2119 vgl.
499 2090 527 2111 c.
552 2079 603 2120 15,
631 2080 659 2112 l.
679 2097 724 2103 —-

58 2123 98 2153 ab
114 2141 137 2145 —
153 2124 270 2163 otium,
289 2125 319 2163 4,
345 2124 397 2163 35,
417 2124 453 2163 23
480 2126 601 2156 ebenso
620 2127 724 2166 quies,

58 2178 84 2199 s.
113 2167 140 2207 l,
165 2167 216 2209 31,
241 2169 278 2208 53
303 2171 435 2210 quietus
460 2179 487 2200 e.
511 2169 564 2209 32,
592 2170 604 2202 l
632 2181 663 2201 u.
692 2181 721 2201 a.

57 2231 97 2235 —
129 2215 170 2254 et,
200 2214 264 2244 und
296 2214 325 2244 in
362 2215 421 2245 der
449 2214 545 2245 That.
570 2233 614 2238 —-
636 2215 726 2257 quod

55 2261 156 2301 pert..
190 2269 227 2289 so
261 2258 327 2289 viel
354 2257 413 2289 auf
439 2260 486 2290 sie
516 2259 650 2296 anka1n3
681 2260 718 2292 Z.

56 2302 77 2344 ξ
95 2303 177 2341 559;
203 2304 264 2334 der
281 2304 359 2336 Satz
378 2305 493 2335 deutet
510 2305 568 2336 (las
587 2305 724 2345 Subjeet

57 2358 98 2379 zu
115 2349 294 2380 cessissent
313 2359 374 2380 nur
396 2360 446 2390 an,
471 2350 538 2388 vgl.
563 2351 651 2392 quod
673 2353 725 2382 at-

58 2394 140 2424 tinet
158 2393 210 2433 23,
231 2393 282 2431 25,
302 2395 333 2425 4.
361 2413 404 2417 —
422 2397 546 2433 senior,
572 2406 598 2426 o.
622 2396 672 2434 11,
691 2396 722 2427 4.

57 2455 99 2462 —-
129 2441 362 2481 possessione,
403 2440 463 2470 den
504 2440 632 2476 Besitz,
671 2441 722 2472 die

57 2482 303 2524 Nutzniessung
317 2485 722 2525 dei-Statitsverwaltnng,

58 2538 86 2559 s.
105 2538 133 2559 c.
155 2528 182 2568 1,
201 2528 230 2560 3.
256 2548 295 2552 —
322 2530 358 2561 w’cl
380 2530 721 2569 verallgemeinernde

56 2572 287 2614 Bezeiclmnng
304 2575 363 2606 der
380 2574 549 2606 Personen
564 2591 585 2601 r-
598 2575 633 2607 id
648 2587 722 2608 ma-

56 2619 147 2649 me'me
159 2621 341 2659 iunior-um,
359 2620 424 2660 vgl.
439 2620 460 2661 ξ
475 2621 506 2660 5,
525 2622 625 2660 genit.
646 2631 721 2663 par-

57 2662 158 2694 titiv.:
176 2664 236 2695 der
250 2664 346 2697 Theil
365 2666 425 2697 der
440 2668 602 2706 iuniores,
621 2667 721 2707 dage-

802 1325 865 1355 gen
884 1314 974 1357 quod
997 1314 1070 1347 sod.
1083 1316 1140 1356 s.:
1167 1315 1227 1347 der
1249 1315 1388 1347 bestand
1409 1326 1470 1348 aus

801 1371 835 1391 u.
859 1370 886 1391 s.
910 1370 951 1391 w.
979 1377 1025 1383 —
1053 1371 1184 1392 auxere
1207 1362 1254 1401 (s.
1279 1371 1306 1392 c.
1331 1359 1363 1400 ὃ,
1387 1360 1426 1402 2)
1443 1379 1465 1384 -

801 1407 1008 1444 minuerunt,
1037 1405 1074 1436 L.
1105 1405 1244 1437 braucbt
1273 1406 1325 1437 die
1354 1405 1471 1437 beiden

802 1448 1064 1481 Perfeciformen
1081 1451 1162 1481 ohne
1178 1450 1397 1483 Unterschied
1411 1452 1472 1482 der

802 1495 1007 1535 Bedeutung,
1026 1496 1092 1535 vgl.
1112 1496 1162 1535 10,
1180 1496 1228 1536 15,
1245 1496 1276 1534 4,
1292 1496 1357 1536 vgl.
1373 1507 1400 1527 c.
1417 1496 1470 1534 70,

802 1540 832 1571 7.
846 1558 891 1563 —
907 1541 990 1579 iras,
1005 1550 1035 1571 n.
1049 1551 1143 1572 suas.
1155 1559 1199 1563 -—
1211 1542 1259 1572 ibe?
1269 1555 1290 1567 =
1302 1542 1334 1572 in
1349 1551 1396 1582 eo,
1411 1552 1472 1573 un-

801 1589 853 1616 ter
866 1585 979 1616 diesen
996 1585 1264 1625 Verbiiltnissen‚
1278 1585 1389 1625 dabei3
1410 1586 1473 1618 Pe-

804 1631 951 1661 rizonius
969 1631 1178 1661 vermuthete
1197 1641 1246 1662 eo,

845 1675 877 1707 4.
895 1686 969 1706 cum
986 1677 1107 1718 primo,
1125 1675 1175 1706 als
1189 1676 1295 1715 gleich
1310 1673 1469 1716 anfangs3

800 1720 921 1751 anders
951 1721 1009 1751 das
1038 1720 1116 1760 solg.
1147 1723 1206 1752 ubi
1235 1723 1397 1764 primum.
1424 1740 1469 1744 —-

800 1775 875 1796 cum
892 1766 962 1806 ing.
987 1766 1108 1805 geliiirt
1133 1766 1222 1796 nicht
1246 1777 1287 1797 zu
1310 1768 1472 1798 instructi

799 1820 888 1852 paru,
914 1812 1057 1841 sondern
1084 1821 1158 1841 zum
1177 1811 1364 1850 Priidicate,
1389 1821 1415 1843 s.
1438 1812 1467 1851 1,

801 1855 854 1893 51,
874 1856 905 1887 5.
924 1874 967 1877 —
990 1855 1174 1895 clientium,
1202 1856 1249 1887 sie
1273 1857 1469 1888 erscheinen

801 1901 881 1931 noch
899 1900 950 1931 als
965 1901 1128 1932 zahlreich
1143 1901 1207 1932 und
1221 1910 1283 1932 von
1298 1902 1358 1932 der
1370 1901 1468 1933 Plebs

800 1950 967 1984 getrennt,
986 1956 1012 1976 s.
1037 1945 1069 1985 2,
1094 1946 1146 1987 35,
1172 1946 1209 1984 43
1235 1946 1277 1977 ib.
1296 1946 1349 1984 56,
1374 1946 1405 1978 3.
1423 1965 1469 1970 —-

798 2001 895 2021 nemo
911 2001 1010 2029 unus,
1027 1991 1101 2022 kein
1117 1991 1288 2022 einzelner
1302 1991 1468 2023 bestimm-

800 2039 853 2066 ter
870 2037 964 2066 melu·
983 2036 1033 2067 als
1051 2035 1194 2075 Andere,
1220 2037 1283 2067 wie
1303 2036 1419 2077 Caeso,
1438 2047 1465 2068 s.

799 2091 827 2112 c.
850 2080 901 2121 11,
921 2081 951 2120 7,
967 2082 1110 2112 sondern
1125 2081 1190 2112 alle
1204 2081 1323 2122 gleich‚
1336 2092 1362 2113 s.
1377 2084 1468 2124 quis-

799 2136 898 2166 quam
916 2137 1006 2158 unus
1025 2137 1052 2159 c.
1072 2127 1125 2166 45,
1140 2127 1178 2165 43
1198 2128 1252 2167 55,
1270 2127 1328 2165 153
1346 2126 1400 2169 32,
1415 2126 1467 2169 20,

800 2171 836 2209 73
868 2171 920 2213 39,
951 2171 1004 2210 50,
1035 2171 1066 2211 2,
1085 2177 1190 2203 etwas
1215 2173 1337 2203 anders
1358 2183 1386 2204 c.
1415 2172 1464 2212 12,

798 2216 831 2247 4.
857 2234 898 2239 --
913 2227 976 2259 pro
993 2227 1060 2248 uno
1081 2217 1189 2257 Caes„
1208 2228 1235 2248 c.
1255 2217 1286 2258 9,
1305 2217 1337 2249 4.

844 2262 875 2292 5.
901 2262 1023 2293 mediis
1048 2262 1094 2302 d„
1125 2262 1174 2293 bis
1204 2273 1277 2293 zum
1306 2263 1465 2294 niichsten

797 2306 1040 2347 Cmnitialtage,
1070 2318 1098 2338 e.
1132 2307 1183 2346 11,
1213 2307 1244 2339 3.
1271 2326 1315 2331 —-
1334 2308 1375 2339 de
1398 2308 1463 2348 leg'.

796 2363 851 2393 ag.
877 2352 1018 2383 umfasst
1036 2353 1141 2390 Alles‚
1167 2362 1235 2384 was
1255 2353 1322 2384 sich
1340 2352 1399 2384 auf
1412 2354 1464 2384 die

797 2396 1053 2436 Dur-elifiihrung
1067 2398 1124 2428 des
1141 2397 1305 2429 Gesetzes
1321 2398 1463 2439 bezieht,

795 2443 877 2473 auch
895 2443 947 2473 ‹lie
975 2444 1004 2474 in
1025 2443 1208 2474 Contionen
1232 2454 1294 2474 vor
1317 2444 1377 2474 der
1394 2443 1462 2474 Ab-

796 2488 973 2527 stimmung·
1018 2488 1213 2527 gehaltenen
1250 2488 1374 2519 Reden.
1420 2506 1463 2510 —-—

794 2533 876 2564 nillil
909 2533 1103 2564 bezeiclinet
1145 2535 1234 2564 nicht
1272 2533 1370 2563 allein
1410 2533 1461 2563 die

794 2577 933 2617 Person,
958 2579 1101 2609 sondern
1125 2578 1190 2608 alle
1216 2579 1285 2608 ihre
1305 2576 1462 2608 Verhiilt-

795 2623 898 2663 nisse,
924 2624 974 2654 ilir
992 2633 1114 2662 ganzes
1134 2622 1239 2653 Tliun.
1258 2640 1302 2644 —
1320 2623 1462 2665 bemgne

794 2667 855 2699 sal.
876 2672 952 2709 etc„
972 2668 1022 2709 23,
1041 2668 1070 2709 4,
1096 2667 1132 2698 3:
1156 2667 1284 2709 plebem
1306 2667 1461 2700 adulari:

1418 236 1471 280 29
