1698 2864
603 219 733 253 LIBER
756 219 812 254 IV.
861 220 956 253 CAP.
981 221 1013 253 2.
1429 225 1509 264 147

103 242 129 260 a.
152 233 205 260 Ch.
227 233 290 258 445.

103 325 310 378 imperium
340 337 385 364 eo
405 322 594 371 recidere3
625 327 663 362 et
683 335 725 362 se
745 321 898 361 miliens
918 321 1131 362 morituros
1152 324 1302 374 potius,
1332 336 1447 376 quam
1467 330 1512 364 ut

102 387 253 421 tantum
299 379 497 420 dedecoris
537 379 686 418 admitti
725 379 930 430 patiantur.

103 450 275 490 quoque,
303 437 336 476 si
365 436 605 475 divinassent
632 435 883 475 concedendo
913 435 1043 473 omnia
1074 447 1155 474 non
1183 437 1377 475 mitiorem
1406 438 1444 476 in
1467 450 1511 476 se

101 494 251 546 plebem
279 493 348 532 sed
379 492 617 544 asperiorem
649 492 719 531 alia
748 505 793 531 ex
814 492 895 530 aliis
917 491 1110 542 iniquiora
1131 492 1386 542 postulando,
1419 506 1509 532 cum

99 550 226 601 prima
242 550 500 601 impetrasset,
520 549 702 596 futuram,
723 548 851 600 primo
869 547 1080 599 quamlibet
1096 548 1382 588 dimicationem
1401 550 1508 588 subi-

100 612 210 645 turos
230 606 352 645 fuisse
373 607 522 657 potius,
543 617 660 656 quam
682 618 748 644 eas
770 605 873 655 leges
895 604 966 643 sibi
988 604 1122 655 inponi
1144 609 1381 656 paterentur.
1421 607 1510 656 quia

100 669 184 701 tum
216 674 446 701 concessum
475 662 526 701 sit
553 662 600 701 de
625 661 810 709 tribunis,
839 663 979 700 iterum
1001 673 1233 700 concessum
1257 674 1364 709 esse;
1392 662 1510 701 finem

100 731 182 758 non
211 719 304 758 fieri.
345 731 424 758 non
449 731 569 770 posse
589 719 629 757 in
650 719 784 757 eadem
807 718 954 757 civitate
975 717 1154 757 tribunos
1175 717 1297 769 plebis
1321 723 1358 757 et
1378 723 1507 769 patres

100 788 205 823 esse3
235 780 301 814 aut
326 775 431 814 hunc
459 775 636 814 ordinem
658 780 722 814 aut
743 775 851 814 illum
873 774 1143 825 magistratum
1164 774 1378 813 tollendum
1401 787 1509 822 esse3

99 831 307 883 potiusque
336 844 423 870 sero
451 844 565 883 quam
586 843 800 882 numquam
823 831 972 870 obviam
995 831 1164 870 eundum
1187 830 1366 870 audaciae
1385 835 1508 870 teme-

97 887 290 940 ritatique.
330 888 433 927 illine
461 894 502 927 ut
528 888 688 939 impune
717 888 845 939 primo
875 887 1088 926 discordias
1117 893 1291 926 serentes
1314 887 1510 928 concitent

99 945 260 983 finitima
280 944 388 990 bella,
413 945 550 983 deinde
573 944 760 983 adversus
783 957 838 991 ea,
861 956 957 995 quae
979 943 1266 990 concitaverint,
1290 944 1429 983 armari
1453 945 1508 984 ci—

98 1001 253 1039 vitatem
285 1001 516 1051 defendique
543 999 794 1051 prohibeant,
822 1005 860 1038 et
887 1012 975 1038 cum
1004 1000 1138 1038 hostes
1167 1005 1318 1039 tantum
1342 1012 1423 1038 non
1445 1013 1508 1040 ar-

99 1056 317 1104 cessierint‚
353 1057 541 1095 exercitus
578 1056 772 1095 conscribi
807 1056 990 1095 adversus
1026 1056 1162 1094 hostes
1192 1068 1271 1094 non
1299 1056 1506 1107 patiantur,

97 1113 164 1152 sed
187 1113 324 1152 audeat
344 1112 546 1153 Canuleius
569 1113 609 1151 in
631 1117 767 1152 senatu
787 1112 968 1164 proloqui
990 1125 1049 1159 se,
1071 1112 1146 1150 nisi
1167 1124 1258 1151 suas
1280 1112 1383 1163 leges
1404 1118 1506 1152 tam-

97 1181 211 1220 quam
227 1169 382 1208 victoris
399 1174 529 1221 patres
547 1169 666 1220 accipi
683 1169 823 1215 sinant,
842 1169 1021 1208 dilectum
1040 1168 1172 1207 haberi
1186 1168 1506 1220 prohibiturum?

99 1225 189 1277 quid
217 1238 302 1264 esse
324 1226 425 1264 aliud
448 1238 563 1277 quam
584 1226 723 1264 minari
751 1238 792 1265 se
813 1226 1061 1277 proditurum
1083 1225 1264 1276 patriam,
1289 1226 1507 1277 oppugnari

99 1287 212 1333 atque
249 1283 332 1332 capi
370 1281 611 1333 passurum?
641 1282 732 1333 quid
768 1295 851 1321 eam
884 1294 1017 1321 vocem
1046 1281 1266 1320 animorum
1295 1294 1377 1321 non
1404 1282 1506 1333 plebi

98 1338 296 1378 Romanae
319 1339 384 1377 sed
408 1339 556 1378 Volscis
584 1344 620 1377 et
640 1339 783 1389 Aequis
805 1344 843 1378 et
863 1338 1083 1377 Veientibus
1106 1337 1351 1377 adlaturam?
1372 1350 1505 1378 nonne

99 1395 278 1434 Canuleio
314 1396 411 1434 duce
439 1408 480 1434 se
509 1400 734 1446 speraturos
762 1394 993 1446 Capitolium
1025 1400 1139 1445 atque
1167 1407 1291 1433 arcem
1321 1396 1506 1434 scandere

96 1449 246 1502 posse?
268 1452 307 1490 ni
324 1451 499 1502 patribus
516 1451 661 1491 tribuni
678 1464 766 1490 cum
783 1453 865 1491 iure
882 1464 925 1491 ac
942 1451 1142 1490 maiestate
1159 1452 1337 1502 adempta
1354 1453 1506 1491 animos

96 1606 374 1650 luppiter—sirit.
388 1627 431 1631 —
444 1610 561 1651 regiae
576 1611 666 1647 mai„
685 1609 716 1649 2,
735 1609 763 1649 1,

95 1652 114 1683 8
128 1663 136 1692 3
150 1651 180 1692 8,
195 1651 249 1692 32,
263 1652 299 1684 3:
315 1654 477 1695 consules,
492 1656 588 1696 regia
599 1656 762 1697 potestas.

94 1697 321 1737 —recidere,
348 1698 382 1739 1,
406 1699 466 1739 40,
490 1698 525 1730 2:
550 1709 695 1740 regnum
720 1699 765 1730 ad

95 1745 234 1774 servitia
256 1743 404 1783 caderet,
430 1744 465 1783 2,
492 1744 527 1782 7,
553 1744 583 1775 8.
601 1762 645 1767 -
664 1746 760 1783 etse,

96 1787 173 1819 weil
200 1788 242 1819 im
274 1788 438 1828 Vorherg.
473 1789 674 1829 angedeutet
706 1790 762 1828 ist,

95 1833 172 1864 dass
197 1834 279 1865 auch
303 1834 354 1865 die
379 1833 500 1866 Gotter
523 1844 559 1865 es
583 1835 673 1865 nicht
702 1845 765 1865 zu-

93 1877 205 1910 lassen
234 1880 381 1910 werden.
405 1897 449 1902 —
478 1878 609 1912 comoed.
640 1881 762 1920 omnia,

95 1924 221 1964 „durch
260 1924 582 1964 uneingeschrankte
615 1923 763 1956 Conces-

95 1970 252 2007 sionen“;
271 1969 478 2010 N'agelsbach
499 1969 575 2001 Stil.
598 1969 672 2001 101.

142 2014 273 2046 11-12.
291 2026 357 2047 non
372 2025 475 2058 posse
491 2019 574 2055 etc.‚
593 2025 628 2046 es
646 2014 761 2046 wiirde

95 2059 157 2090 den
171 2058 410 2100 Forderungen
429 2061 519 2091 nicht
536 2060 616 2091 eber
630 2059 763 2091 Einhalt

95 2104 215 2144 gethan
233 2106 378 2144 werden,
396 2105 445 2136 als
463 2105 512 2136 bis
528 2106 586 2136 das
600 2104 763 2137 Tribunat

95 2149 299 2189 abgeschafft
316 2150 374 2191 sei,
398 2150 465 2189 vgl.
483 2150 514 2190 3,
538 2150 590 2191 52,
612 2151 643 2182 8.
660 2168 705 2173 —
721 2150 761 2181 il-

94 2194 160 2225 line
177 2196 225 2235 ut,
244 2195 295 2226 die
311 2194 417 2234 Frage
436 2195 495 2226 mit
517 2198 556 2226 ut
572 2196 670 2226 weist
687 2196 760 2227 eine

96 2238 253 2280 uubillige
291 2239 503 2279 Zumuthung
517 2265 524 2278 ‚
565 2239 761 2281 Forderung

96 2284 238 2316 zuriick:
267 2285 353 2316 kann
378 2295 449 2316 man
474 2285 539 2315 wol
567 2285 760 2325 verlangen,

95 2331 172 2361 dass
190 2340 290 2370 usw.,
317 2331 352 2369 5,
377 2329 436 2369 24,
464 2330 519 2361 10:
543 2332 706 2362 victamne
722 2334 763 2362 ut

96 2380 179 2413 etc.;
198 2374 335 2407 Terent.
353 2375 484 2407 Phorm.
503 2376 534 2416 5,
555 2374 584 2416 8,
604 2375 662 2406 62:
682 2376 762 2408 hiei-

95 2431 135 2451 ηε
156 2423 193 2452 αἰ
217 2431 238 2452 α
265 2422 360 2453 nobis
385 2423 517 2452 tautum
540 2422 677 2461 argenti
697 2432 760 2453 αα-

85 2467 206 2507 ferat3
226 2465 292 2498 Cic.
308 2466 396 2497 Sest.
418 2467 447 2503 7,
469 2466 505 2496 17
525 2477 556 2497 u.
575 2476 604 2497 a.
622 2484 665 2488 -——-
684 2476 760 2498 con-

94 2513 199 2542 citent
215 2515 294 2553 etc.‚
319 2521 387 2542 was
411 2510 459 2542 oft
483 2512 513 2542 in
537 2511 598 2542 den
622 2511 760 2542 inneren

94 2556 248 2589 Unruhen
272 2557 453 2597 geschehen
480 2566 567 2597 war,
596 2557 679 2587 wird
698 2557 759 2588 den

95 2600 263 2633 Tribunen
282 2613 342 2634 zur
358 2601 440 2633 Last
457 2602 584 2642 gelegt,
609 2612 634 2633 S.
655 2601 684 2639 3,
705 2601 758 2640 65,

97 2646 126 2677 6.
145 2665 189 2670 -
213 2650 344 2680 tantum
372 2656 455 2689 ηοη,
486 2647 605 2689 Zumpt
632 2645 653 2688 ξ
684 2647 759 2680 729.

837 1609 897 1640 Die
928 1608 1185 1649 Beschr'a'nkung
1204 1619 1255 1651 ·zu
1287 1612 1507 1642 arces-sierint

835 1664 907 1685 war
923 1654 1050 1694 nb'tbig,
1074 1654 1153 1685 weil
1171 1653 1326 1685 derselbe
1346 1653 1505 1686 Gedanke

836 1700 899 1730 wie
928 1700 960 1730 in
990 1702 1156 1731 concitent
1182 1704 1244 1731 etc.
1277 1700 1368 1731 darin
1394 1700 1505 1741 liegen

836 1744 911 1776 soll.
954 1744 1020 1775 Der
1050 1743 1240 1783 Gegensatz
1271 1744 1406 1784 beginnt
1434 1750 1506 1777 erst

835 1790 893 1820 mit
915 1788 989 1820 sed:
1014 1789 1064 1820 die
1082 1788 1274 1828 Zulassung
1297 1790 1356 1820 der
1372 1790 1505 1822 Aushe-

834 1834 922 1874 hung
940 1833 1042 1865 findet
1054 1834 1144 1865 nicht
1161 1838 1254 1874 statt,
1273 1835 1415 1865 sendern
1426 1834 1505 1867 Can.

836 1879 931 1911 stelit
944 1879 1361 1919 vielmehrssedingungen,
1379 1880 1504 1912 welche

835 1924 982 1956 dieselbe
996 1924 1180 1964 unmoglich
1194 1925 1328 1956 macheu
1343 1925 1408 1956 und
1423 1926 1505 1957 noch

835 1970 951 2001 hiirter
980 1970 1053 2000 sind
1085 1969 1134 2000 als
1168 1969 1219 2001 die
1251 1969 1506 2011 Verhinderung

835 2016 893 2046 des
923 2015 1064 2046 dilectus
1095 2014 1212 2046 selbst.
1246 2014 1305 2045 Die
1323 2014 1430 2046 stelle
1461 2015 1505 2047 ist

835 2065 940 2092 etwas
958 2060 1145 2100 wortreich,
1163 2060 1227 2091 wie
1245 2070 1272 2090 c.
1291 2060 1321 2100 4,
1342 2058 1411 2090 10f.

883 2104 1003 2136 13-14.
1022 2106 1148 2145 sinant,
1172 2115 1198 2136 s.
1218 2115 1245 2136 c.
1267 2104 1295 2143 1,
1317 2104 1347 2136 6.
1364 2123 1409 2128 -—
1426 2105 1506 2147 quid

834 2161 908 2182 esse
925 2149 979 2189 αῖ.,
1006 2150 1064 2181 das
1083 2149 1219 2190 Subject
1236 2150 1354 2181 hierzu
1372 2150 1453 2190 liegt
1471 2152 1504 2182 in

834 2196 906 2227 dem
939 2196 1136 2235 vorhergeh.
1171 2195 1272 2226 Satze
1304 2195 1461 2237 proloqui
1481 2214 1504 2218 —

830 2242 1100 2284 prohibiturum:
1119 2241 1189 2281 das,
1201 2250 1270 2272 was
1286 2240 1398 2272 Canul.
1413 2241 1502 2279 lhue,

833 2287 880 2318 sei
897 2287 1004 2317 nichts
1023 2286 1164 2317 anderes
1182 2286 1232 2317 als
1249 2296 1280 2316 u.
1300 2296 1326 2316 s.
1345 2295 1399 2325 πη,
1425 2296 1451 2316 s.
1472 2296 1499 2317 c.

832 2332 863 2370 4,
882 2331 918 2370 6;
939 2330 970 2371 6,
988 2331 1041 2370 40,
1061 2330 1096 2362 8;
1116 2331 1181 2371 vgl.
1202 2330 1233 2371 3,
1255 2330 1305 2369 19,
1324 2330 1354 2362 5.
1370 2331 1502 2361 ——iure

832 2387 882 2410 ac.
904 2379 1003 2416 mai„
1034 2376 1213 2407 conubium
1239 2376 1304 2406 und
1328 2374 1498 2406 Consulat.

833 2424 870 2453 m‘
894 2423 974 2453 nach
994 2421 1145 2461 Madvig,
1176 2421 1256 2451 oder
1282 2422 1350 2451 nisi
1371 2420 1500 2451 scheint

832 2467 1014 2509 passender
1031 2467 1081 2498 als
1099 2468 1156 2497 das
1175 2466 1245 2497 hds.
1263 2467 1308 2505 si,
1327 2465 1382 2504 da,
1403 2474 1499 2496 wenn

832 2513 884 2544 die
903 2512 1045 2544 Consuln
1065 2511 1165 2543 duces
1183 2511 1252 2541 sein
1271 2510 1403 2547 wollen,
1420 2520 1500 2540 vor-

831 2562 1027 2597 ausgesetzt
1044 2557 1177 2587 werden
1196 2565 1304 2595 mUSS,
1335 2555 1410 2585 dass
1428 2554 1501 2585 An-

832 2603 911 2634 dere
937 2603 976 2634 da
1001 2602 1089 2641 sind,
1119 2611 1158 2632 an
1183 2601 1282 2631 deren
1309 2599 1421 2641 Spitze
1451 2600 1499 2631 sie

833 2649 900 2680 sich
915 2647 1045 2688 stellen,
1064 2646 1130 2686 vgl.
1150 2646 1179 2684 3,
1199 2645 1250 2683 68,
1274 2644 1324 2676 12.

1169 2700 1232 2731 10*

986 384 1133 418 certum
1169 380 1308 419 habere
1340 381 1509 420 maiores
1537 387 1558 419 9

1540 556 1580 589 10

1540 726 1577 758 11

1540 895 1579 928 12

1538 1122 1577 1153 13

1537 1345 1578 1377 14
