1698 2864
188 122 234 163 31
245 124 270 162 4
665 120 791 154 LIBER
808 121 845 154 Π.

897 119 989 153 CAP.
1008 122 1062 153 44.

1455 139 1478 158 a.
1498 140 1526 158 u.
1546 133 1605 160 2⁷4.

187 225 260 264 bus
277 225 426 277 Appius
444 223 626 263 Claudius
643 223 782 263 victam
800 223 1049 263 tribuniciam
1066 227 1303 275 potestatem
1322 224 1452 263 dicere
1473 225 1605 276 priore

188 294 305 328 ann0‚
338 282 379 320 in
409 281 633 332 praesentia
661 293 722 327 re,
746 281 924 332 exemplo
952 280 992 319 in
1012 285 1264 332 perpeluum‚
1288 281 1444 332 quando
1466 281 1606 321 inven-

140 350 158 381 3
187 345 270 378 tum
292 337 343 377 sit
361 338 442 377 suis
459 338 583 389 ipsam
600 337 748 376 viribus
765 336 936 376 dissolvi.
970 349 1099 388 neque
1115 337 1222 376 enim
1241 350 1427 389 umquam
1445 337 1604 379 defutu—

182 407 292 442 rum,
325 395 391 446 qui
423 401 460 433 et
483 406 527 433 ex
551 394 693 443 collega
715 394 917 432 victoriam
941 393 1012 432 sibi
1042 399 1081 432 et
1101 393 1265 443 gratiam
1288 395 1462 433 melioris
1484 394 1604 446 partis

182 452 288 491 bono
308 451 464 503 publico
491 451 582 489 velit
600 451 817 501 quaesitam
834 464 843 497 3
870 456 907 488 et
924 450 1068 501 plures,
1087 452 1118 489 si
1137 450 1316 501 pluribus
1335 464 1434 502 opus
1451 451 1511 497 sit,
1530 451 1604 490 tri-

182 509 311 548 bunos
334 508 380 547 ad
403 508 590 547 auxilium
613 507 821 546 consulum
845 512 1002 557 paratos
1024 507 1121 551 fore,
1145 512 1182 545 et
1200 518 1324 546 unum
1341 509 1400 546 vel
1421 508 1604 546 adversus

137 577 158 608 4
183 576 320 603 omnes
343 564 437 603 satis
470 577 570 603 esse.
613 564 750 602 darent
772 563 890 601 modo
913 568 951 601 et
974 564 1157 602 consules
1176 569 1213 602 et
1229 565 1426 614 primores
1447 570 1604 615 patrum

183 633 363 672 operam,
390 627 451 667 ut,
474 621 505 658 si
530 622 662 659 minus
685 632 838 664 omnes,
861 619 1013 671 aliquos
1035 625 1170 658 tamen
1193 633 1237 658 ex
1261 620 1430 659 tribunis
1450 620 1508 659 rei
1529 634 1604 672 pu-

138 690 156 721 5
183 678 307 717 blicae
330 683 367 716 et
389 677 544 716 senatui
568 676 830 715 conciliarent.
873 677 1093 727 praeceptis
1115 676 1229 727 Appii
1251 677 1392 715 moniti
1413 682 1544 727 patres
1567 682 1605 716 et

183 734 358 774 universi
381 734 545 772 comiter
567 746 611 772 ac
627 733 797 782 benigne
816 732 997 771 tribunos
1016 734 1224 784 appellare,
1243 739 1281 771 et
1298 734 1540 777 consulares,
1563 739 1607 772 ut

182 791 325 842 cuique
341 803 477 829 eorum
490 790 670 841 privatim
688 789 832 841 aliquid
846 789 941 827 iuris
959 790 1144 828 adversus
1159 789 1331 839 singulos
1350 796 1444 835 erat,
1463 791 1604 841 partim

181 847 302 899 gratia
320 847 461 898 partim
477 847 708 885 auctoritato
725 846 945 890 obtinuere,
971 851 1012 884 ut
1029 846 1263 885 tribuniciae
1281 847 1485 897 potestatis
1505 847 1606 885 vires

137 913 157 944 6
182 903 362 943 salubres
375 904 515 942 vellent
526 903 582 942 rei
595 903 771 954 publicae
790 916 898 950 esse,
917 908 1181 954 quattuorque
1199 903 1451 942 tribunorum
1469 903 1606 942 adver-

183 973 251 999 sus
274 973 400 999 unum
423 966 664 999 moratorem
687 960 831 1010 publici
861 959 1060 998 commodi
1094 959 1233 998 auxilio
1257 960 1444 998 dilectum
1462 972 1608 999 consu—

185 1018 241 1056 les
263 1018 421 1056 habent.

300 1073 395 1112 Inde
425 1074 471 1112 ad
503 1073 643 1112 Veiens
670 1072 815 1111 bellum
848 1072 1036 1122 profecti,
1071 1084 1149 1123 quo
1180 1073 1356 1123 undique
1387 1086 1430 1111 ex
1452 1072 1608 1111 Etruria

185 1131 325 1169 auxilia
347 1135 626 1175 convenerant,
650 1141 730 1167 non
755 1134 835 1167 tam
859 1129 1084 1167 Veientium
1108 1129 1227 1179 gratia
1250 1130 1466 1175 concitata,
1489 1141 1605 1180 quam

187 1187 292 1239 quod
315 1187 354 1225 in
378 1199 488 1237 spem
512 1192 671 1225 ventum
703 1191 784 1224 erat
814 1185 1006 1223 discordia
1029 1186 1214 1224 intestina
1244 1186 1401 1224 dissolvi
1423 1198 1505 1224 rem
1528 1185 1608 1224 Ro-

141 1251 159 1282 S
186 1256 341 1282 manain
356 1256 484 1294 posse.
516 1243 792 1294 principesque
810 1242 852 1279 in
870 1242 1046 1280 omnium
1065 1242 1244 1281 Etruriae
1258 1244 1495 1293 populorum
1515 1254 1609 1281 con-

187 1300 282 1339 ciliis
304 1300 528 1339 fremebant
559 1305 737 1338 aeternas
769 1311 864 1349 opes
895 1311 982 1337 esse
1011 1298 1226 1346 Romanas,
1256 1299 1331 1337 nisi
1361 1300 1463 1337 inter
1485 1304 1610 1338 semet

186 1357 261 1408 ipsi
283 1356 543 1396 seditionibus
567 1357 750 1394 saeviant.
781 1356 818 1393 id
843 1367 966 1394 unum
990 1368 1201 1400 venenum,
1226 1368 1308 1394 eam
1327 1356 1454 1394 labeni
1476 1356 1611 1394 clvita-

139 1424 159 1454 9
187 1414 293 1452 tibus
317 1414 516 1464 opulentis
539 1419 748 1463 repertam,
773 1418 815 1450 ut
836 1424 975 1462 magna
993 1412 1153 1462 imperia
1173 1413 1348 1450 mortalia
1367 1418 1510 1451 essent.
1544 1412 1611 1450 diu

187 1498 284 1525 soust
301 1494 392 1524 mehr
416 1493 476 1524 mit
492 1493 598 1523 einem
617 1492 790 1532 Subjectc,
810 1491 862 1530 24,

190 1538 241 1577 26,
271 1540 302 1578 5,
325 1538 393 1577 vgl.
418 1537 564 1569 succedit
594 1548 619 1568 c.
645 1539 699 1575 45,
718 1539 748 1568 5.
767 1555 811 1559 —
829 1538 862 1566 2'11

185 1594 308 1626 praes„
332 1583 386 1614 fiir
410 1583 463 1614 dic
486 1583 738 1623 gcgenwiirtige
759 1581 862 1622 Lage;

189 1630 229 1660 da
246 1628 326 1660 aber
351 1630 465 1672 priore
493 1639 591 1668 anno,
611 1640 638 1659 c.
663 1629 718 1666 425,
737 1628 767 1665 -1,
786 1637 864 1658 vor-

188 1674 339 1714 hergeht,
359 1684 395 1704 so
416 1674 571 1705 bedeutct
586 1684 636 1704 es:
656 1673 688 1704 in
709 1673 768 1703 der
777 1672 864 1704 'rhat

189 1729 281 1750 zwar
299 1730 362 1750 nur
379 1718 433 1750 fiir
451 1719 505 1750 die
524 1718 779 1757 damaligeu,
806 1718 863 1748 da-

188 1765 271 1796 mals
308 1765 579 1805 gegenwiirtigen
612 1763 863 1802 Vei-liiiltuissc‚

188 1810 255 1850 vgl.
283 1810 335 1848 36,
360 1814 390 1849 δ,
419 1812 453 1848 1;
480 1812 533 1843 45.
558 1810 611 1849 23,
641 1810 695 1839 17:
725 1812 802 1840 [nuc
831 1810 863 1839 ιή

185 1857 390 1898 praesentia.
420 1874 462 1877 -—
480 1854 629 1886 melioris
645 1865 690 1896 p.,
709 1854 768 1885 der
786 1854 865 1884 Ari-

189 1901 376 1940 stolii-atie,
399 1912 424 1931 s.
444 1901 533 1932 Einl.
563 1901 622 1939 223
644 1901 696 1931 41.
717 1918 758 1922 -—
783 1900 864 1930 bono

185 1957 232 1988 p.‚
264 1957 290 1977 c.
328 1947 356 1983 1,
390 1947 408 1977 3
446 1965 488 1968 fl
507 1945 553 1977 acl
578 1944 750 1976 amilium
786 1950 865 1984 etc,

187 2002 292 2031 gegcn
323 1992 376 2022 die
408 1991 633 2030 Bestinimung
655 1991 712 2021 des
742 1989 866 2020 Tribu-

188 2042 294 2077 nates,
314 2047 338 2067 s.
361 2047 386 2067 c.
414 2037 472 2068 33:
492 2035 624 2068 anxilii
645 2036 724 2067 latio
746 2034 865 2066 adoer-

187 2092 246 2113 sus
263 2081 424 2113 eonsules.
444 2101 485 2104 ῃ
505 2092 621 2121 mmm,
643 2091 737 2112 wenn
757 2081 868 2112 dieser

189 2127 294 2158 durch
307 2127 397 2158 seine
411 2126 635 2158 lutei-cessino
655 2127 707 2158 die
718 2126 867 2165 Antr'a'gc

189 2173 250 2204 der
267 2172 405 2212 fibi-{gen
424 2172 595 2203 Tribunen
615 2172 695 2203 oder
713 2172 787 2202 eine
802 2173 868 2201 An—

188 2218 285 2258 klage
305 2217 581 2258 ‹im-Consulussu
599 2217 711 2248 nichtc
729 2217 870 2256 machte,

191 2273 219 2294 s.
237 2273 264 2294 c.
285 2262 340 2301 43,
356 2263 392 2300 43
413 2263 467 2302 56,
486 2264 516 2293 4.

235 2309 311 2339 5-6.
336 2309 460 2350 prii-at.
491 2306 532 2337 al.
564 2312 640 2346 etc„
670 2307 787 2346 irgeud
815 2307 868 2338 cin

192 2353 296 2385 Reeht
312 2353 345 2383 in
368 2353 740 2384 l'rivatverhiiltnisseu
753 2376 761 2390 ,
780 2357 868 2383 etwa

189 2397 562 2436 Schuldverhiiltnisse3
595 2398 676 2427 oder
701 2397 733 2427 iu
755 2402 866 2436 gutcm

189 2443 290 2475 Sinne
308 2444 373 2474 wie
393 2445 422 2481 ὃ,
441 2443 494 2481 35,
514 2442 548 2473 4:
567 2441 728 2473 adversus
744 2440 866 2473 Roma-

189 2498 248 2519 nos
264 2490 319 2519 ius
335 2490 518 2527 socz'etalt‘s3
538 2490 568 2526 3,
587 2488 640 2526 33,
658 2487 687 2519 8.
704 2488 865 2527 ——obci12.,

190 2534 248 2565 der
265 2532 384 2574 Ersolg
402 2533 487 2564 wird
505 2543 567 2564 nur
585 2534 645 2564 deu
657 2533 865 2564 Consului-cn

188 2578 466 2619 zugcschrieben,
503 2578 656 2618 obglcich
693 2578 776 2609 auch
806 2578 864 2608 das

935 1489 1102 1533 appellare
1134 1491 1218 1521 dazu
1252 1490 1445 1522 mitwirken
1474 1496 1613 1532 musstc,

938 1547 974 1567 so
1005 1537 1082 1567 dass
1117 1546 1188 1567 man
1223 1535 1418 1578 appellando
1460 1537 1542 1568 oder
1576 1547 1611 1568 eo

938 1581 1024 1622 quod
1043 1580 1250 1623 appellabant
1275 1586 1444 1613 erwarten
1472 1582 1612 1622 kiinnte3

938 1627 1018 1658 aber
1036 1628 1089 1657 die
1108 1626 1302 1667 Bedeutung
1331 1628 1388 1659 des
1414 1626 1612 1659 Gedaukens

939 1672 983 1703 ist
1001 1672 1104 1703 durch
1122 1672 1174 1703 (lie
1193 1672 1293 1703 Form
1312 1673 1369 1704 des
1389 1673 1612 1714 Hauptsatzes

938 1718 1098 1757 gehoben.
1119 1736 1159 1739 ——
1179 1719 1330 1749 auctorit.
1355 1720 1381 1757 1,
1402 1719 1431 1758 7,
1450 1718 1479 1749 S.
1500 1736 1542 1740 —-
1559 1729 1615 1748 sa—

938 1763 1060 1799 lubres,
1085 1774 1114 1793 11.
1134 1761 1187 1793 fiir
1205 1763 1259 1794 (lie
1276 1763 1520 1802 Aristokratie,
1544 1762 1613 1794 Cic.

939 1807 1027 1839 Sest.
1045 1808 1100 1847 48,
1131 1809 1203 1838 103.
1229 1827 1271 1829 —
1295 1811 1496 1849 quatluorq„
1520 1808 1614 1840 Dion.

938 1856 970 1893 9,
1002 1854 1037 1892 23
1072 1853 1129 1884 das
1162 1854 1234 1885 hds.
1262 1864 1407 1894 novemq,
1442 1853 1528 1884 kann
1560 1853 1613 1884 ein

938 1898 1082 1930 lrrthuln
1104 1898 1168 1936 Ls',
1199 1910 1223 1930 s.
1249 1899 1372 1939 jcdoeh
1397 1910 1424 1930 c.
1451 1898 1503 1937 58,
1532 1899 1564 1938 13
1584 1898 1615 1937 3,

939 1944 993 1983 30,
1024 1945 1054 1983 7,
1084 1944 1165 1975 oder
1197 1944 1256 1975 der
1281 1943 1508 1975 Absvhreiber
1532 1944 1613 1975 sein.

939 2008 982 2011 —
1000 1992 1133 2027 moral„
1165 1989 1223 2020 der
1250 1989 1302 2020 dic
1322 1990 1524 2028 Aushebung
1550 1989 1613 2020 wie

941 2045 968 2066 c.
997 2036 1050 2073 43,
1087 2036 1104 2063 ὅ
1132 2045 1169 2064 zu
1189 2036 1375 2074 verziigern
1400 2035 1529 2075 suchte,
1558 2034 1615 2065 be—

941 2079 1096 2111 zeichnet
1113 2079 1165 2110 die
1184 2079 1438 2119 Missbilligung
1456 2080 1514 2111 des
1531 2079 1615 2112 Ver-

940 2125 1088 2156 l'ahrens.
1104 2143 1145 2146 —
1156 2125 1281 2156 tribute.
1294 2145 1308 2149 -
1319 2135 1415 2164 aar,
1432 2125 1487 2156 die
1499 2124 1616 2157 Wort-

942 2170 1091 2210 stellung
1110 2171 1173 2201 wie
1193 2171 1247 2211 25,
1268 2171 1318 2208 18,
1338 2172 1368 2201 5.

988 2216 1070 2247 T-S.
1098 2226 1170 2256 qno,
1201 2226 1260 2246 aus
1286 2215 1409 2247 l'ciens
1435 2226 1475 2246 zu
1503 2214 1616 2246 erkl'zi-

942 2271 1013 2292 rcn.
1037 2279 1080 2283 —
1102 2262 1259 2303 princip„
1282 2271 1308 2292 s.
1336 2263 1364 2299 1,
1396 2261 1448 2291 34.
1473 2279 1516 2282 -
1534 2270 1612 2291 con—

941 2306 1038 2343 ciliis,
1060 2306 1489 2344 Buudesversammlungcn.
1506 2323 1548 2327 —
1560 2314 1616 2336 ae-

943 2354 1059 2383 ternas
1090 2355 1165 2390 etc„
1199 2351 1250 2382 die
1276 2361 1380 2391 ganze
1409 2351 1500 2382 Rede
1522 2355 1616 2392 passt

940 2397 1032 2428 mehr
1054 2396 1113 2427 auf
1128 2397 1261 2438 spiitere
1284 2396 1335 2427 als
1353 2397 1405 2426 dic
1429 2395 1617 2435 damaligcn

941 2442 1187 2473 Verhiiltuisse.
1219 2459 1261 2463 ———
1285 2443 1443 2481 saeviant,
1477 2442 1543 2472 wic
1568 2439 1618 2471 ost

930 2488 1052 2529 furor,
1078 2487 1130 2517 die
1161 2486 1262 2517 wilde
1286 2484 1532 2526 Leideuscbuft,
1562 2486 1617 2516 die

939 2543 980 2563 zu
998 2532 1188 2573 Eiupiirung
1206 2531 1342 2571 geueigt
1358 2531 1415 2562 ist.
1435 2531 1501 2562 Das
1514 2530 1617 2562 Prae-

940 2587 1018 2608 sens
1036 2578 1196 2608 schliesst
1220 2577 1291 2607 sic-h
1314 2587 1354 2607 an
1372 2587 1445 2608 esse
1469 2586 1520 2616 an,
1550 2576 1615 2607 und
