1698 2864
561 223 690 257 LIBER
705 223 762 257 lv.
803 223 896 256 CAP.
914 225 966 257 27.
985 224 1040 257 28.
1428 223 1510 262 197Δ

101 243 128 262 a.
149 236 205 264 ch.
225 236 287 261 431.

103 328 281 368 victoriae
305 331 493 379 temptato
514 326 699 378 paulatim
721 330 858 365 eventu
879 326 1134 365 certaminum
1156 338 1250 366 suos
1272 325 1506 377 praecipere.

102 387 230 436 itaque
250 384 394 431 hostes,
417 383 519 422 nulla
540 383 579 421 in
601 383 748 434 proelio
770 382 872 421 iusto
894 382 1023 421 relicta
1045 395 1125 433 spe,
1146 388 1264 422 noctu
1292 381 1418 421 adorti
1442 394 1504 420 ca·
1536 388 1558 419 6

103 448 183 481 stra
204 440 375 479 consulis
390 452 473 478 rem
491 439 530 478 in
547 452 680 478 casum
697 439 874 490 ancipitis
892 443 1050 477 eventus
1069 440 1327 478 committunt.
1365 438 1510 477 clamor

104 497 232 537 subito
263 501 370 535 ortus
400 507 480 534 non
513 496 683 534 consulis
705 496 824 534 modo
847 494 999 545 vigiles,
1029 495 1237 533 exercitum
1261 495 1399 533 deinde
1422 506 1508 533 om-

103 565 213 599 nem,
243 553 309 591 sed
339 552 565 591 dictatorem
596 564 751 603 quoque
779 564 824 590 ex
854 563 996 590 somno
1025 550 1174 590 excivit.
1220 551 1285 590 ubi
1316 550 1508 601 praesenti
1538 558 1556 589 7

103 622 176 661 ope
209 621 271 648 res
301 609 483 660 egebant,
516 608 653 648 consul
679 620 751 647 neo
780 608 908 647 animo
939 607 1078 646 defecit
1105 619 1180 646 nec
1209 607 1390 645 consilio:
1418 618 1507 657 pars

101 665 265 705 militum
288 671 489 716 portarum
513 665 699 704 stationes
721 664 867 711 firmat,
897 676 986 715 pars
1010 675 1155 702 corona
1177 664 1315 703 vallum
1338 663 1507 713 cingunt.

103 723 144 761 in
178 721 307 761 alteris
336 722 437 772 apud
463 721 689 760 dictatorem
722 721 857 760 castris
887 733 963 771 quo
993 720 1123 759 minus
1150 720 1339 759 tumultus
1363 724 1439 765 est,
1463 731 1507 757 eo
1538 727 1558 758 8

103 778 190 829 plus
218 777 552 824 animadvertitur,
582 778 672 829 quid
704 790 805 828 opus
827 777 930 816 facto
953 777 1014 815 sit.
1057 777 1224 816 missum
1246 775 1439 827 extemplo
1463 775 1508 814 ad

104 839 227 873 castra
236 834 467 882 subsidium,
483 834 542 873 cui
554 834 619 885 Sp.
634 834 862 872 Postumius
876 833 995 872 Albus
1012 833 1159 882 legatus
1176 833 1412 884 praeficitur,
1427 832 1511 883 ipse

103 895 211 942 parte
238 891 439 942 copiarum
469 903 588 942 parvo
615 890 776 929 circuitu
804 890 934 929 locum
963 890 1132 928 maxime
1159 894 1351 928 secretum
1375 888 1421 927 ab
1443 892 1510 927 tu-

103 947 227 986 multu
255 947 361 998 petit‚
391 947 494 986 unde
521 960 566 986 ex
593 947 823 997 necopinato
853 958 1030 985 aversum
1061 946 1218 984 hostem
1247 945 1410 984 invadat.
1462 945 1508 992 Q.
1534 952 1555 984 9

104 1003 318 1053 Sulpicium
353 1004 519 1053 legatum
555 1003 730 1053 praeficit
764 1003 918 1049 castris,
946 1003 993 1040 M.
1021 1002 1139 1040 Fabio
1174 1002 1299 1052 legato
1336 1001 1512 1051 adsignat

103 1059 272 1110 equites,
300 1071 372 1098 nec
398 1063 486 1097 ante
513 1059 637 1097 lucem
667 1071 823 1096 movere
849 1058 958 1097 iubet
983 1070 1142 1096 manum
1172 1058 1272 1096 inter
1293 1062 1510 1096 nocturnos

101 1115 292 1154 tumultus
321 1115 524 1153 moderatu
551 1114 758 1153 difficilem.
808 1115 956 1161 omnia,
987 1127 1083 1165 quae
1103 1114 1160 1152 vel
1181 1114 1276 1154 alius
1298 1113 1513 1165 imperator

102 1172 276 1223 prudens
299 1176 336 1210 et
355 1171 506 1222 inpiger
526 1172 565 1210 in
587 1171 649 1210 tali
670 1183 711 1210 re
732 1171 971 1222 praeciperet
992 1176 1212 1222 ageretque,
1236 1170 1423 1221 praecipit
1443 1181 1512 1208 or-

104 1229 191 1267 dine
208 1233 321 1279 atque
337 1228 430 1278 agit:
453 1227 542 1266 illud
560 1227 744 1267 eximium
763 1228 915 1266 consilii
933 1228 1126 1278 animique
1143 1228 1342 1279 specimen
1361 1232 1398 1265 et
1413 1238 1510 1265 neu·
1543 1230 1583 1263 10

103 1285 248 1336 tiquam
263 1284 433 1334 volgatae
447 1284 699 1335 laudis‚quod
717 1284 816 1323 ultro
837 1285 883 1323 ad
902 1284 1164 1335 oppugnanda
1183 1288 1306 1323 castra
1323 1283 1511 1329 hostium,

103 1341 206 1380 unde
232 1341 378 1379 maiore
405 1340 556 1391 agmine
582 1341 782 1392 profectos
812 1341 1054 1392 exploratum
1071 1341 1206 1385 fuerat,
1229 1341 1276 1379 M.
1299 1339 1510 1391 Geganium

105 1409 193 1436 cum
223 1397 448 1435 cohortibus
479 1397 632 1435 delectis
663 1397 779 1435 misit.
821 1397 885 1448 qui
906 1402 1117 1448 postquam
1141 1397 1309 1435 intentos
1330 1395 1509 1434 homines
1543 1401 1580 1432 11

103 1454 143 1492 in
173 1458 351 1492 eventum
380 1453 538 1504 periculi
569 1453 680 1492 alieni
708 1466 780 1504 pro
810 1466 850 1492 se
873 1454 1049 1492 incautos
1072 1453 1254 1503 neglectis
1276 1452 1412 1503 vigiliis
1430 1457 1512 1491 sta-

103 1509 356 1560 tionibusque
387 1514 445 1548 est
473 1510 650 1555 adortus,
684 1510 791 1561 prius
821 1522 941 1561 paene
964 1510 1064 1561 cepit
1086 1515 1222 1555 castra,
1243 1522 1356 1560 quam
1383 1520 1510 1560 oppu-

105 1566 213 1616 gnari
242 1566 375 1604 hostes
403 1566 497 1605 satis
523 1566 678 1605 scirent.
719 1566 808 1605 inde
829 1567 952 1613 fumo,
974 1572 1016 1606 ut
1037 1572 1280 1615 convenerat,
1304 1566 1434 1604 datum
1458 1565 1510 1603 si-
1544 1572 1582 1604 12

106 1634 225 1672 gnum
249 1622 314 1661 ubi
341 1627 594 1673 conspectum
619 1623 665 1662 ab
688 1622 874 1662 dictatore
896 1628 970 1669 est,
1001 1623 1187 1662 exclamat
1208 1628 1315 1674 capta
1337 1622 1509 1661 hostium

107 1684 242 1723 castra,
264 1679 508 1729 nuntiarique
529 1679 677 1729 passim
700 1679 816 1718 iubet.

218 1735 266 1773 Et
286 1735 361 1773 iam
379 1735 588 1774 luciscebat
605 1735 812 1786 omniaque
830 1735 902 1774 sub
921 1735 1041 1774 oculis
1060 1740 1179 1774 erant.
1211 1740 1247 1774 et
1263 1734 1405 1774 Fabius
1424 1746 1510 1774 cum

104 1791 274 1842 equitatu
294 1792 483 1842 impetum
505 1791 669 1837 dederat,
692 1797 729 1830 et
749 1792 885 1831 consul
907 1792 1152 1843 eruptionem
1176 1805 1196 1830 e
1219 1792 1354 1830 castris
1378 1791 1416 1829 in
1433 1796 1512 1829 tre-

1542 1736 1596 1775 28

104 1928 195 1964 vict„
217 1925 250 1967 1,
269 1925 326 1967 38,
345 1926 377 1956 4.
394 1944 437 1948 -
456 1927 555 1968 itaq„
575 1926 652 1957 weil
672 1927 772 1957 durch

105 1973 224 2003 eventu
241 1971 442 2011 angedeutet
460 1972 519 2010 ist,
540 1971 616 2002 dass
636 1971 686 2002 die
707 1971 773 2003 Ge-

847 1927 899 1958 ein
918 1927 1060 1958 anderer
1078 1927 1256 1965 Feldherr,
1282 1936 1376 1957 wenn
1396 1936 1433 1957 er
1451 1936 1513 1956 nur

846 1973 1042 2012 verstiindig
1060 1973 1120 2009 ist3
1145 1973 1197 2003 ein
1216 1971 1512 2012 ausgezeichnetes

105 2014 213 2047 feehte
231 2015 466 2047 zumVortheil
483 2016 543 2047 der
557 2015 678 2047 Ro’mer
694 2026 774 2047 aus-

106 2060 217 2092 fielen.
230 2079 273 2083 —
291 2062 323 2092 in
343 2072 469 2100 casum,
487 2061 541 2101 40,
560 2060 612 2100 21,
632 2061 667 2092 6:
686 2061 773 2094 duos

106 2105 209 2137 simul
227 2105 324 2148 filios
353 2117 419 2138 non
447 2108 710 2139 commissurum
739 2109 773 2138 in

107 2150 215 2182 aleam
234 2153 305 2182 eius
322 2169 343 2173 μ
361 2161 473 2182 casus.

154 2196 170 2226 7
185 2214 207 2218 —
221 2195 250 2226 9.
284 2206 368 2238 pars
385 2197 550 2238 —firmat,
564 2206 647 2239 pars
664 2215 686 2218 —
704 2198 774 2228 cin-

104 2243 210 2283 gunt,
240 2241 306 2280 vgl.
330 2241 390 2280 24,
421 2240 480 2281 21,
506 2241 536 2272 8.
565 2259 607 2264 -
636 2252 771 2281 corona,

107 2286 202 2318 stellt
220 2286 310 2326 rings
330 2286 388 2317 auf
401 2286 473 2317 dem
483 2285 594 2317 Walle
613 2285 678 2326 auf,
698 2297 725 2318 s.
743 2298 772 2318 c.

110 2331 166 2370 19,
186 2330 216 2362 8.
235 2349 279 2353 -
297 2331 403 2375 apud,
428 2341 497 2370 um,
520 2330 580 2362 auf
594 2332 652 2362 der
671 2332 771 2373 Seite,

106 2386 157 2407 wo
175 2395 197 2398 —
214 2386 295 2407 war.
313 2395 356 2398 —
372 2376 460 2419 plus,
482 2377 512 2407 in
530 2387 582 2407 um
602 2386 637 2407 so
656 2377 772 2408 weite-

106 2431 174 2453 rem
189 2419 358 2461 Umfange.
378 2440 421 2444 -—
439 2424 566 2462 eastra,
594 2422 651 2452 das
669 2432 772 2462 ange-

107 2466 255 2506 griffene.
277 2485 319 2489 —
336 2467 509 2506 Poslum„
534 2477 561 2498 c.
587 2466 639 2498 25.
658 2484 702 2489 —
719 2478 772 2498 se-

107 2514 189 2543 cret.
206 2513 263 2552 ab,
289 2511 326 2551 3,
353 2511 409 2554 36,
428 2512 459 2542 2.
477 2530 521 2534 —
539 2523 583 2543 ecc
598 2522 724 2555 necop.,
746 2512 774 2553 1,

108 2556 167 2597 37,
188 2557 216 2588 1.
234 2575 278 2580 —
295 2567 404 2589 avers.
424 2572 445 2583 =
461 2568 482 2588 a
500 2560 609 2598 tergo.
628 2576 672 2579 —-
690 2559 772 2600 ipse,

107 2602 183 2633 weil
202 2602 261 2633 der
278 2602 430 2634 Dictator
454 2603 484 2633 in
503 2602 705 2645 praeficitur
723 2602 773 2633 lo-

112 2647 243 2686 gisches
259 2647 351 2688 Subj.
370 2649 424 2679 ist.
439 2666 482 2670 —
498 2647 555 2687 vel,
575 2648 658 2679 auch
675 2648 775 2679 schon

846 2017 967 2049 Talent
991 2018 1034 2049 ist
1059 2018 1149 2049 nicht
1172 2018 1255 2049 dazu
1280 2015 1511 2048 erforderlich.

845 2080 889 2085 -—
905 2073 975 2103 nec,
996 2064 1025 2103 7,
1045 2063 1074 2102 9,
1096 2063 1125 2094 1.

894 2126 933 2158 10
951 2146 971 2149 -
993 2127 1044 2159 12.
1074 2127 1183 2167 ultro,
1212 2127 1282 2159 weil
1298 2137 1369 2158 man
1390 2126 1511 2164 dieses,

846 2173 885 2204 da
908 2173 966 2204 das
994 2174 1156 2204 romische
1174 2172 1284 2213 Lager
1307 2170 1510 2212 angegriffen

845 2227 925 2257 war,
945 2218 1036 2249 nicht
1054 2223 1221 2249 erwarten
1240 2218 1385 2249 konnte:
1410 2227 1437 2248 s.
1456 2215 1510 2253 21,

848 2263 877 2302 1,
895 2263 925 2294 4.
942 2280 988 2285 —
1004 2264 1216 2303 cohortibus,
1236 2264 1273 2303 9,
1293 2263 1351 2299 37,
1371 2261 1400 2299 8,
1420 2261 1511 2293 viell.

845 2308 897 2339 die
913 2307 1073 2339 Triarier.
1091 2328 1130 2332 —
1144 2319 1207 2352 pro
1226 2320 1271 2347 se,
1292 2307 1323 2345 2,
1342 2306 1392 2347 24,
1411 2306 1448 2344 43
1470 2316 1510 2336 zu

846 2353 899 2391 21,
919 2353 948 2394 9,
966 2354 1003 2391 43
1024 2353 1076 2393 22,
1096 2354 1149 2393 59,
1168 2354 1222 2384 11;
1242 2352 1512 2396 promptioribus

843 2409 907 2442 pro
922 2401 1048 2441 patria.
1066 2417 1110 2421 —
1127 2401 1221 2437 satis,
1241 2398 1270 2436 3,
1290 2398 1321 2435 5,
1340 2397 1370 2428 7.
1389 2397 1512 2438 —J’u-

845 2454 918 2482 mo,
943 2444 1092 2483 obgleicli
1111 2445 1170 2475 der
1188 2442 1321 2482 Angriff
1335 2442 1387 2473 bei
1405 2441 1512 2473 Nacht

845 2489 1017 2528 begonnen
1038 2490 1138 2527 hatte,
1163 2499 1199 2519 so
1217 2488 1340 2518 konnte
1360 2487 1453 2525 doch,
1471 2487 1510 2517 da

846 2534 972 2565 bereits
987 2535 1045 2565 der
1054 2533 1124 2573 Tag
1137 2533 1279 2563 anbrach
1294 2532 1511 2572 (luciscebat),

847 2580 904 2610 das
924 2578 1066 2610 Zeichen
1086 2579 1228 2618 gesehen
1247 2578 1392 2608 werden.

892 2641 960 2679 28·
997 2647 1010 2677 1
1031 2665 1052 2669 —
1067 2645 1096 2677 2.
1122 2647 1286 2690 impetum
1304 2645 1390 2686 ded„
1409 2644 1439 2686 2,
1458 2644 1510 2684 51,
