1698 2864
95 199 121 217 a.
138 191 192 217 Ch.
205 191 265 216 393.

545 181 672 214 LIBER
697 182 738 215 V.
789 181 879 214 CAP.
898 182 953 214 29.
973 183 1027 215 30.

1409 182 1485 221 321
1534 153 1538 157 ⁴

88 295 130 322 se
149 295 267 334 pravo
288 283 429 323 iudicio
452 284 498 322 de
517 283 684 323 tribunis
706 283 1026 323 intercessionem
1048 284 1272 331 sustulisse,
1300 283 1490 322 interces-

84 339 195 378 sione
232 340 379 379 sublata
407 339 652 379 tribuniciam
679 344 911 391 potestatem
938 341 1134 379 evertisse.
1185 353 1273 379 nam
1302 339 1405 391 quod
1437 339 1489 377 illi

84 401 308 446 sperarent,
338 397 563 435 effrenatam
593 396 785 435 licentiam
808 397 888 435 eius
910 396 1156 446 magistratus
1179 401 1308 447 patres
1330 396 1490 441 laturos,

81 451 160 491 falli
182 465 261 491 eos.
299 452 331 491 si
352 452 556 491 tribunicia
578 453 634 491 vis
655 452 862 491 tribunicio
885 452 1024 491 auxilio
1042 452 1172 503 repelli
1189 457 1366 503 nequeat,
1389 451 1490 490 aliud

79 509 198 547 telum
220 514 348 559 patres
370 509 596 548 inventuros
619 521 715 548 esse.
758 509 1017 559 consulesque
1039 508 1269 559 increpabat,
1292 508 1395 559 quod
1418 508 1491 546 fide
1523 513 1564 545 10

80 563 231 615 publica
263 565 389 616 decipi
409 564 588 604 tribunos
610 577 677 604 eos
699 565 802 604 taciti
822 565 1019 610 tulissent,
1050 564 1114 615 qui
1137 569 1294 603 senatus
1317 564 1489 602 auctori-

79 624 196 659 tatem
214 621 335 660 secuti
352 626 494 660 essent.
531 622 626 660 haec
642 622 842 673 propalam
861 620 1197 659 contionabundus
1213 621 1251 658 in
1269 620 1349 658 dies
1367 619 1490 669 magis

78 676 240 726 augebat
264 677 340 716 iras
368 678 585 716 hominum.
628 678 813 717 Senatum
847 690 934 716 vero
963 677 1122 716 incitare
1151 677 1336 716 adversus
1357 675 1481 726 legem
1517 675 1570 715 30

78 732 181 772 haud
209 734 434 773 desistebat:
461 746 510 773 ne
539 734 647 773 aliter
675 734 955 773 descenderent
973 734 1012 772 in
1031 734 1182 779 forum,
1213 745 1301 772 cum
1323 732 1403 770 dies
1423 731 1480 770 fe-
1526 739 1536 751 ‘

77 789 219 828 rendae
238 789 331 840 legis
352 790 534 840 venisset,
557 803 671 841 quam
692 796 735 829 ut
755 791 819 842 qui
840 790 1112 829 meminissent
1132 789 1203 828 sibi
1225 801 1296 840 pro
1320 788 1397 827 aris
1419 787 1480 826 fo-

82 846 214 898 cisque
234 851 271 885 et
292 847 408 886 deum
428 847 585 898 templis
607 860 650 885 ac
670 847 774 893 solo,
797 847 836 885 in
858 859 933 898 quo
957 847 1036 885 nati
1058 851 1206 891 essent,
1229 844 1490 883 dimicandum

79 901 177 941 fore.
217 914 307 941 nam
330 903 433 954 quod
456 904 503 942 ad
527 916 568 942 se
590 903 765 954 privatim
789 903 958 949 attineat,
983 903 1014 941 si
1036 915 1126 941 suae
1144 902 1286 953 gloriae
1303 900 1377 940 sibi
1393 901 1492 939 inter
1521 908 1540 939 2

80 958 368 998 dimicationem
385 960 532 1011 patriae
549 960 775 998 meminisse
792 959 841 998 sit
856 960 927 1005 fas,
951 959 1026 997 sibi
1043 959 1215 1009 amplum
1235 970 1390 1008 quoque
1406 969 1491 995 esse

80 1015 217 1053 urbem
240 1016 286 1053 ab
308 1028 349 1054 se
371 1021 521 1066 captam
541 1016 788 1066 frequentari,
810 1015 949 1053 cotidie
971 1028 1012 1053 se
1032 1015 1109 1053 frui
1130 1019 1387 1052 monumento
1407 1012 1492 1063 glo—

77 1070 157 1109 riae
185 1083 298 1117 suae,
328 1077 364 1110 et
392 1076 479 1110 ante
502 1072 636 1110 oculos
660 1071 803 1110 habere
825 1071 960 1109 urbem
982 1070 1097 1109 latam
1120 1070 1159 1108 in
1180 1069 1380 1120 triumpho
1405 1080 1490 1114 suo,

77 1127 257 1166 insistere
285 1140 420 1167 omnes
452 1128 621 1179 vestigiis
642 1128 800 1166 laudum
823 1139 1002 1174 suarum,
1039 1126 1106 1165 sed
1129 1126 1237 1165 nefas
1260 1126 1400 1164 ducere
1422 1124 1489 1163 de—

77 1188 220 1222 sertam
243 1196 286 1222 ac
306 1184 476 1223 relictam
498 1184 544 1223 ab
567 1184 625 1222 dis
643 1184 911 1222 inmortalibus
929 1183 1042 1221 incoli
1059 1182 1207 1229 urbem,
1230 1182 1320 1220 etin
1339 1181 1487 1232 captivo

79 1239 163 1278 solo
182 1240 353 1279 habitare
369 1240 559 1291 populum
573 1241 807 1286 Romanum,
826 1244 863 1278 et
879 1239 1030 1278 victrice
1046 1238 1168 1290 patria
1184 1237 1323 1276 victam
1337 1237 1488 1276 mutari.

74 1296 135 1335 his
159 1296 492 1335 adhortationibus
515 1297 701 1348 principis
725 1296 903 1335 concitati
924 1300 1074 1347 patres,
1106 1306 1219 1333 senes
1242 1294 1489 1344 iuvenesque,

77 1428 149 1461 hler
178 1429 229 1460 die
253 1429 462 1470 Verletzung
493 1430 551 1461 der
579 1429 748 1461 Tribunen

76 1473 225 1505 insofern
244 1475 292 1506 sie
309 1477 522 1507 sacrosancti
536 1475 620 1507 siud.

124 1519 247 1550 9-10.
284 1520 377 1552 aliud
400 1520 469 1559 tel„
504 1521 554 1552 die
585 1520 747 1559 Dictatur,

76 1564 143 1605 vgl.
169 1563 205 1604 3,
231 1565 288 1607 55,
313 1565 350 1604 33
377 1564 414 1606 6,
437 1565 497 1606 35,
522 1565 698 1608 S.-—fia’e
716 1576 747 1596 n.

77 1608 167 1650 data,
184 1611 397 1653 interposita,
417 1611 524 1641 indem
538 1611 589 1641 die
604 1610 750 1641 Gew'ahr

78 1654 138 1686 der
155 1654 301 1686 Consuln
320 1656 384 1686 und
403 1656 460 1686 des
475 1655 628 1695 Senates,
648 1666 674 1686 s.
693 1655 747 1695 29,

81 1699 109 1740 1,
129 1700 180 1739 17,
198 1700 264 1740 vgl.
285 1699 320 1742 3,
341 1700 398 1741 19,
420 1701 455 1739 1,
473 1701 530 1732 das
548 1700 748 1741 gewiihrlei-

78 1744 755 1788 steteVersprechennichtgebaltenwar,

77 1798 191 1820 waren
205 1790 257 1821 die
272 1790 439 1822 Tribunen
455 1791 658 1822 verinittelst
673 1791 748 1821 des-

80 1834 195 1866 selben
209 1835 386 1875 get'auscht
399 1836 546 1873 worden,
564 1835 633 1875 1,9‚
647 1835 695 1866 13.
707 1853 750 1858 —

81 1881 175 1911 taciti
190 1879 262 1920 tul„
279 1881 337 1911 der
351 1881 559 1922 personliche
574 1880 751 1912 Ausdruck

80 1923 134 1956 fiir
151 1925 213 1956 den
231 1936 258 1956 c.
278 1925 337 1966 28,
359 1926 371 1956 l
395 1926 580 1957 adverbiell
599 1926 751 1956 bezeich-

81 1974 180 2001 neten
198 1970 335 2010 Begriff:
355 1971 450 2011 ruhig
468 1971 674 2032 hinnehnien,
696 1970 750 2011 35,

83 2014 135 2053 19
157 2014 185 2046 l.
203 2015 406 2048 —anclm
426 2027 490 2058 aug
511 2015 590 2055 ,,40
609 2016 640 2054 5,
659 1995 690 2046 2.

126 2040 395 2092 30.1.lzaml
425 2061 558 2100 desist„
591 2071 627 2092 so
662 2060 752 2091 steht

82 2104 175 2136 haud
191 2105 395 2145 gewiihnlich
413 2105 464 2137 bei
479 2106 656 2146 negativen
671 2106 752 2136 oder

82 2151 179 2181 einen
193 2150 368 2190 negativen
385 2150 508 2190 Begriff
518 2151 751 2182 enthaltenden

83 2194 246 2235 Worten,
271 2197 381 2227 abnuo
400 2205 427 2226 c.
447 2195 506 2233 33,
531 2196 568 2233 43
591 2206 678 2237 neg-o
697 2195 751 2236 30,

82 2239 137 2281 30,
155 2239 216 2278 273
235 2240 396 2272 adversor
413 2240 443 2281 4,
464 2240 514 2281 12,
531 2239 567 2278 83
587 2250 754 2283 aspernor

84 2284 247 2326 1,23,10;
266 2296 388 2328 sperno
406 2285 437 2325 4,
457 2285 510 2325 20,
532 2285 589 2324 11;
607 2287 756 2329 paenitet

85 2329 120 2369 1,
139 2329 177 2370 8,
196 2329 233 2369 33
261 2330 414 2374 displicet
433 2330 467 2369 1,
487 2330 540 2369 23,
562 2330 620 2368 1ος
645 2332 753 2362 miror

84 2374 115 2415 5,
133 2374 188 2416 34,
206 2376 225 2406 6
243 2386 275 2406 u.
293 2385 335 2416 a.‚
356 2376 422 2416 vgl.
443 2376 471 2415 1,
490 2375 520 2415 2,
540 2375 558 2406 2
574 2375 665 2407 haud
677 2386 754 2407 am-

84 2421 208 2461 bigam.
225 2439 268 2443 ——
285 2423 325 2452 ut
341 2422 408 2463 qui,
437 2420 464 2459 1,
489 2420 541 2458 49,
562 2420 600 2459 33
626 2420 679 2461 29,
698 2420 752 2461 33,

84 2464 116 2495 2.
133 2482 177 2487 -—
199 2476 261 2508 pro
286 2468 357 2497 aris
375 2466 501 2505 —solo,
526 2465 584 2506 26,
611 2465 668 2505 13,
695 2465 752 2504 133

84 2508 150 2540 Cic.
169 2509 253 2544 Phil.
272 2511 306 2553 8,
333 2511 368 2550 3,
389 2511 423 2542 8:
447 2522 508 2543 nos
527 2510 668 2542 deorum
685 2513 750 2542 im-

83 2554 281 2588 mortalium
299 2556 438 2599 templa,
461 2567 523 2587 nos
540 2566 669 2595 muros,
689 2567 750 2587 nos

85 2599 253 2632 domicilia
280 2602 443 2643 sedesque
465 2612 499 2644 p.
523 2601 579 2643 R.,
601 2603 751 2644 penates,

156 2656 214 2683 Tit.
232 2654 290 2682 Liv.
309 2656 345 2683 ΙΙ.
366 2654 393 2682 3.
411 2655 484 2682 Auss.

821 1430 1029 1471 a7·aS,focos
1043 1447 1065 1451 —
1081 1428 1309 1471 defendimus.
1335 1428 1394 1459 Die
1412 1438 1493 1459 arae

822 1475 894 1505 sind
914 1475 965 1505 die
985 1474 1196 1505 o‘ffentlicben
1216 1474 1352 1513 Alt'are3
1371 1473 1402 1504 in
1420 1472 1493 1504 Pri-

821 1520 1025 1551 vathziusern
1073 1520 1164 1550 dient
1203 1519 1261 1550 der
1300 1518 1410 1549 Heerd
1451 1518 1492 1550 im

821 1565 1093 1606 Atriu1n,focus,
1111 1574 1230 1595 ausser
1244 1574 1284 1594 zu
1298 1563 1491 1595 hiiuslichen

822 1609 988 1641 Zwecken
1007 1610 1089 1640 auch
1107 1609 1157 1639 als
1175 1609 1272 1640 Altar
1289 1607 1342 1639 fiir
1359 1609 1411 1639 die
1430 1607 1493 1639 La-

821 1665 880 1686 ren
905 1655 969 1685 und
995 1654 1158 1694 Penaten,
1182 1653 1257 1695 §6,
1284 1653 1492 1693 gewo‘hnlich

821 1700 979 1731 bedeutet
992 1709 1056 1742 pro
1073 1709 1123 1730 ar.
1140 1699 1275 1740 etsoez's
1288 1696 1342 1729 fiir
1355 1699 1406 1729 die
1422 1698 1492 1728 hei—

821 1745 942 1784 ligsten
967 1745 1162 1775 theuersten
1189 1743 1304 1775 Giiter.
1325 1761 1370 1766 —
1392 1743 1492 1774 dimi-

821 1790 1022 1831 candumf.,
1037 1789 1088 1820 die
1104 1788 1319 1828 Verbindung
1332 1788 1494 1830 vonsore

821 1836 881 1866 mit
920 1835 991 1865 dem
1026 1833 1251 1865 Gerundivum
1286 1833 1389 1864 findet
1424 1833 1492 1863 sich

822 1878 989 1911 mebrfach
1004 1879 1055 1910 bei
1069 1878 1119 1918 L.,
1134 1888 1160 1909 s.
1176 1879 1207 1918 4,
1222 1878 1275 1917 26,
1294 1877 1350 1915 1ος
1371 1877 1492 1919 31,11,

826 1925 882 1956 18:
906 1923 1148 1968 postulandum
1165 1924 1272 1964 sore,
1296 1922 1355 1963 36,
1376 1922 1436 1963 27,
1457 1922 1492 1953 7:

823 1969 1118 2011 mittendossore,
1139 1968 1192 2009 39,
1211 1967 1264 2007 35,
1283 1967 1302 1998 6
1320 1978 1351 1999 u.
1369 1977 1398 1998 a.

871 2014 960 2046 2-3.
992 2014 1139 2045 dimicat.
1162 2024 1211 2056 p.,
1233 2013 1341 2044 indem
1365 2023 1400 2043 es
1425 2012 1493 2043 sich

824 2070 877 2091 um
912 2060 963 2090 die
997 2059 1161 2090 Existenz
1196 2058 1346 2089 handele.
1372 2075 1416 2080 -—
1445 2057 1493 2088 Ia-

827 2108 912 2145 tam,
942 2105 1022 2135 nach
1051 2104 1110 2135 der
1138 2103 1294 2145 sp'ziteren
1319 2103 1404 2134 Sitte
1427 2102 1494 2134 Ab-

825 2150 1002 2190 bildungen
1027 2149 1086 2180 der
1109 2149 1286 2180 eroberten
1310 2148 1428 2179 Stiidte
1452 2148 1493 2178 ini

825 2195 1003 2237 Triumphe
1020 2192 1250 2225 aufzufiihren.
1267 2212 1311 2216 —-
1327 2193 1493 2233 vestigiis,

825 2240 893 2280 vgl.
913 2251 940 2272 c.
963 2239 1018 2278 16,
1047 2239 1098 2270 10.
1116 2240 1217 2269 —ab
1237 2238 1314 2279 dieze,
1333 2249 1359 2269 c.
1377 2237 1431 2267 22.
1449 2255 1493 2259 —-

825 2287 976 2324 affietnee,
1002 2284 1122 2326 Zumpt
1145 2283 1165 2324 ξ
1184 2284 1266 2314 456;
1294 2283 1345 2313 die
1369 2282 1492 2312 andere

826 2330 1015 2362 construet.
1051 2339 1076 2360 s.
1087 2295 1145 2368 p‚9
1182 2328 1237 2367 12,
1268 2327 1302 2358 2:
1334 2328 1495 2359 ῑιοίοφια(

822 2378 1071 2419 possessionem
1086 2383 1177 2404 moer
1181 2375 1215 2403 ta
1227 2383 1308 2416 paee
1321 2375 1491 2407 mutasse·

825 2421 1018 2452 ausserdem
1042 2419 1180 2449 braucbt
1198 2417 1234 2448 L.
1258 2418 1339 2448 auch
1359 2420 1494 2449 vmtarc

826 2477 899 2498 cnm
919 2466 981 2496 und
998 2475 1071 2507 P⁷0›
1091 2463 1144 2501 21,
1163 2463 1213 2504 45,
1233 2462 1269 2503 6,
1295 2462 1348 2501 27,
1368 2462 1420 2501 35,
1442 2462 1492 2492 14.

870 2511 900 2542 4.
939 2511 1101 2553 prtncz'pe's
1131 2519 1160 2539 n.
1192 2510 1262 2546 sai,
1293 2508 1350 2538 des
1379 2511 1489 2538 ersten

824 2556 961 2588 Mannes
977 2559 1074 2585 unter
1090 2554 1196 2594 ilinen,
1211 2553 1273 2583 wie
1289 2557 1384 2583 sonst
1397 2554 1493 2595 prin-

825 2611 901 2645 ceps
924 2602 1080 2641 senatus,
1105 2598 1142 2640 6,
1169 2598 1197 2637 1,
1215 2598 1252 2637 43
1278 2599 1419 2630 civitatis
1437 2596 1490 2635 33,
