<?xml version="1.0" encoding="UTF-8"?>
<!DOCTYPE html PUBLIC "-//W3C//DTD XHTML 1.0 Transitional//EN"
    "http://www.w3.org/TR/xhtml1/DTD/xhtml1-transitional.dtd">
<html xmlns="http://www.w3.org/1999/xhtml" xml:lang="en" lang="en">
 <head>
  <title>
</title>
<meta http-equiv="Content-Type" content="text/html;charset=utf-8" />
  <meta name='ocr-system' content='tesseract 3.04.00' />
  <meta name='ocr-capabilities' content='ocr_page ocr_carea ocr_par ocr_line ocrx_word'/>
</head>
<body>
  <div class='ocr_page' id='page_1' title='image "./aburbeconditalib0102livyuoft_0750.png"; bbox 0 0 1698 2864; ppageno 0'>
   <div class='ocr_carea' id='block_1_1' title="bbox 254 200 336 240">
    <p class='ocr_par' dir='ltr' id='par_1_1' title="bbox 254 200 336 240">
     <span class='ocr_line' id='line_1_1' title="bbox 254 200 336 240; baseline 0.012 -1"><span class='ocrx_word' id='word_1_1' title='bbox 254 200 336 240; x_wconf 86' lang='lat'>220</span> 
     </span>
    </p>
   </div>
   <div class='ocr_carea' id='block_1_2' title="bbox 752 197 1168 239">
    <p class='ocr_par' dir='ltr' id='par_1_2' title="bbox 752 197 1168 239">
     <span class='ocr_line' id='line_1_2' title="bbox 752 197 1168 239; baseline 0 -9"><span class='ocrx_word' id='word_1_2' title='bbox 752 197 879 239; x_wconf 83' lang='lat' dir='ltr'>LIBER</span> <span class='ocrx_word' id='word_1_3' title='bbox 898 198 955 233; x_wconf 81' lang='lat' dir='ltr'>lv.</span> <span class='ocrx_word' id='word_1_4' title='bbox 1003 198 1096 231; x_wconf 80' lang='lat' dir='ltr'>CAP.</span> <span class='ocrx_word' id='word_1_5' title='bbox 1114 199 1168 231; x_wconf 84' lang='lat'>41.</span> 
     </span>
    </p>
   </div>
   <div class='ocr_carea' id='block_1_3' title="bbox 1499 209 1650 234">
    <p class='ocr_par' dir='ltr' id='par_1_3' title="bbox 1499 209 1650 234">
     <span class='ocr_line' id='line_1_3' title="bbox 1499 209 1650 234; baseline 0 -1"><span class='ocrx_word' id='word_1_6' title='bbox 1499 215 1524 234; x_wconf 74' lang='lat' dir='ltr'>a.</span> <span class='ocrx_word' id='word_1_7' title='bbox 1545 215 1574 233; x_wconf 91' lang='lat' dir='ltr'>u.</span> <span class='ocrx_word' id='word_1_8' title='bbox 1589 209 1650 234; x_wconf 84' lang='lat'>331.</span> 
     </span>
    </p>
   </div>
   <div class='ocr_carea' id='block_1_4' title="bbox 203 299 1658 1251">
    <p class='ocr_par' dir='ltr' id='par_1_4' title="bbox 203 299 1658 1251">
     <span class='ocr_line' id='line_1_4' title="bbox 203 299 1655 353; baseline -0.001 -13"><span class='ocrx_word' id='word_1_9' title='bbox 203 309 225 340; x_wconf 87' lang='lat'>4</span> <span class='ocrx_word' id='word_1_10' title='bbox 253 305 396 340; x_wconf 81' lang='lat' dir='ltr'><strong>essent.</strong></span> <span class='ocrx_word' id='word_1_11' title='bbox 433 299 501 339; x_wconf 88' lang='lat' dir='ltr'>sed</span> <span class='ocrx_word' id='word_1_12' title='bbox 522 299 626 352; x_wconf 90' lang='lat' dir='ltr'>quod</span> <span class='ocrx_word' id='word_1_13' title='bbox 646 300 793 348; x_wconf 88' lang='lat' dir='ltr'>viderit,</span> <span class='ocrx_word' id='word_1_14' title='bbox 815 301 958 340; x_wconf 88' lang='lat' dir='ltr'>referre</span> <span class='ocrx_word' id='word_1_15' title='bbox 980 314 1111 353; x_wconf 89' lang='lat' dir='ltr'>posse.</span> <span class='ocrx_word' id='word_1_16' title='bbox 1146 301 1288 340; x_wconf 85' lang='lat' dir='ltr'>vidisse</span> <span class='ocrx_word' id='word_1_17' title='bbox 1304 304 1432 340; x_wconf 89' lang='lat' dir='ltr'>autem</span> <span class='ocrx_word' id='word_1_18' title='bbox 1449 312 1504 348; x_wconf 88' lang='lat' dir='ltr'>se,</span> <span class='ocrx_word' id='word_1_19' title='bbox 1525 301 1655 353; x_wconf 88' lang='lat' dir='ltr'>prius-</span> 
     </span>
     <span class='ocr_line' id='line_1_5' title="bbox 254 356 1655 409; baseline 0.001 -14"><span class='ocrx_word' id='word_1_20' title='bbox 254 369 369 408; x_wconf 88' lang='lat' dir='ltr'>quam</span> <span class='ocrx_word' id='word_1_21' title='bbox 391 356 437 395; x_wconf 85' lang='lat' dir='ltr'>ab</span> <span class='ocrx_word' id='word_1_22' title='bbox 453 357 532 395; x_wconf 88' lang='lat' dir='ltr'>acie</span> <span class='ocrx_word' id='word_1_23' title='bbox 547 357 874 403; x_wconf 79' lang='lat' dir='ltr'>intercluderetur,</span> <span class='ocrx_word' id='word_1_24' title='bbox 899 358 1097 397; x_wconf 86' lang='lat' dir='ltr'>consulem</span> <span class='ocrx_word' id='word_1_25' title='bbox 1115 357 1152 396; x_wconf 91' lang='lat' dir='ltr'>in</span> <span class='ocrx_word' id='word_1_26' title='bbox 1169 358 1294 409; x_wconf 86' lang='lat' dir='ltr'>prima</span> <span class='ocrx_word' id='word_1_27' title='bbox 1311 357 1390 396; x_wconf 84' lang='lat' dir='ltr'>acie</span> <span class='ocrx_word' id='word_1_28' title='bbox 1405 362 1655 408; x_wconf 81' lang='lat' dir='ltr'>pugnantem,</span> 
     </span>
     <span class='ocr_line' id='line_1_6' title="bbox 253 413 1655 465; baseline 0 -13"><span class='ocrx_word' id='word_1_29' title='bbox 253 413 520 452; x_wconf 78' lang='lat' dir='ltr'>adhortantem</span> <span class='ocrx_word' id='word_1_30' title='bbox 556 413 655 452; x_wconf 88' lang='lat' dir='ltr'>inter</span> <span class='ocrx_word' id='word_1_31' title='bbox 689 413 797 464; x_wconf 79' lang='lat' dir='ltr'>signa</span> <span class='ocrx_word' id='word_1_32' title='bbox 824 414 999 453; x_wconf 86' lang='lat' dir='ltr'>Romana</span> <span class='ocrx_word' id='word_1_33' title='bbox 1038 414 1189 465; x_wconf 82' lang='lat' dir='ltr'>telaque</span> <span class='ocrx_word' id='word_1_34' title='bbox 1223 414 1395 453; x_wconf 85' lang='lat' dir='ltr'>hostium</span> <span class='ocrx_word' id='word_1_35' title='bbox 1427 418 1655 453; x_wconf 84' lang='lat' dir='ltr'>versantem.</span> 
     </span>
     <span class='ocr_line' id='line_1_7' title="bbox 205 470 1658 522; baseline -0.001 -13"><span class='ocrx_word' id='word_1_36' title='bbox 205 479 224 509; x_wconf 87' lang='lat'>5</span> <span class='ocrx_word' id='word_1_37' title='bbox 253 474 389 521; x_wconf 86' lang='lat' dir='ltr'>postea</span> <span class='ocrx_word' id='word_1_38' title='bbox 409 482 451 508; x_wconf 89' lang='lat' dir='ltr'>se</span> <span class='ocrx_word' id='word_1_39' title='bbox 473 482 494 507; x_wconf 86' lang='lat' dir='ltr'>a</span> <span class='ocrx_word' id='word_1_40' title='bbox 515 474 727 521; x_wconf 84' lang='lat' dir='ltr'>conspectu</span> <span class='ocrx_word' id='word_1_41' title='bbox 750 482 914 509; x_wconf 84' lang='lat' dir='ltr'>suorum</span> <span class='ocrx_word' id='word_1_42' title='bbox 936 470 1102 509; x_wconf 84' lang='lat' dir='ltr'>ablatum</span> <span class='ocrx_word' id='word_1_43' title='bbox 1125 483 1169 509; x_wconf 89' lang='lat' dir='ltr'>ex</span> <span class='ocrx_word' id='word_1_44' title='bbox 1191 470 1354 522; x_wconf 84' lang='lat' dir='ltr'>strepitu</span> <span class='ocrx_word' id='word_1_45' title='bbox 1373 475 1502 509; x_wconf 83' lang='lat' dir='ltr'>tamen</span> <span class='ocrx_word' id='word_1_46' title='bbox 1524 475 1561 519; x_wconf 80' lang='lat' dir='ltr'>et</span> <span class='ocrx_word' id='word_1_47' title='bbox 1581 470 1658 509; x_wconf 83' lang='lat' dir='ltr'>cla-</span> 
     </span>
     <span class='ocr_line' id='line_1_8' title="bbox 253 526 1655 577; baseline 0.001 -13"><span class='ocrx_word' id='word_1_48' title='bbox 253 538 365 565; x_wconf 87' lang='lat' dir='ltr'>more</span> <span class='ocrx_word' id='word_1_49' title='bbox 400 526 592 571; x_wconf 83' lang='lat' dir='ltr'>sensisse,</span> <span class='ocrx_word' id='word_1_50' title='bbox 625 538 750 577; x_wconf 88' lang='lat' dir='ltr'>usque</span> <span class='ocrx_word' id='word_1_51' title='bbox 778 527 823 565; x_wconf 88' lang='lat' dir='ltr'>ad</span> <span class='ocrx_word' id='word_1_52' title='bbox 852 531 1006 565; x_wconf 86' lang='lat' dir='ltr'>noctem</span> <span class='ocrx_word' id='word_1_53' title='bbox 1035 532 1246 566; x_wconf 83' lang='lat' dir='ltr'>extractum</span> <span class='ocrx_word' id='word_1_54' title='bbox 1275 532 1486 573; x_wconf 86' lang='lat' dir='ltr'>certamen,</span> <span class='ocrx_word' id='word_1_55' title='bbox 1515 538 1587 565; x_wconf 85' lang='lat' dir='ltr'>nec</span> <span class='ocrx_word' id='word_1_56' title='bbox 1608 526 1655 565; x_wconf 85' lang='lat' dir='ltr'>ad</span> 
     </span>
     <span class='ocr_line' id='line_1_9' title="bbox 253 581 1658 634; baseline -0.001 -13"><span class='ocrx_word' id='word_1_57' title='bbox 253 581 443 621; x_wconf 90' lang='lat' dir='ltr'>tumulum</span> <span class='ocrx_word' id='word_1_58' title='bbox 458 614 466 629; x_wconf 91' lang='lat'>‚</span> <span class='ocrx_word' id='word_1_59' title='bbox 487 595 599 633; x_wconf 89' lang='lat' dir='ltr'>quem</span> <span class='ocrx_word' id='word_1_60' title='bbox 623 582 706 633; x_wconf 87' lang='lat' dir='ltr'>ipse</span> <span class='ocrx_word' id='word_1_61' title='bbox 726 587 911 629; x_wconf 82' lang='lat' dir='ltr'>tenuerat,</span> <span class='ocrx_word' id='word_1_62' title='bbox 931 596 1023 634; x_wconf 84' lang='lat' dir='ltr'>prae</span> <span class='ocrx_word' id='word_1_63' title='bbox 1044 583 1287 622; x_wconf 84' lang='lat' dir='ltr'>multitudine</span> <span class='ocrx_word' id='word_1_64' title='bbox 1306 582 1479 621; x_wconf 88' lang='lat' dir='ltr'>hostium</span> <span class='ocrx_word' id='word_1_65' title='bbox 1503 583 1658 621; x_wconf 84' lang='lat' dir='ltr'>eredere</span> 
     </span>
     <span class='ocr_line' id='line_1_10' title="bbox 204 638 1658 690; baseline -0.001 -12"><span class='ocrx_word' id='word_1_66' title='bbox 204 647 224 679; x_wconf 88' lang='grc'>6</span> <span class='ocrx_word' id='word_1_67' title='bbox 252 638 453 690; x_wconf 88' lang='lat' dir='ltr'>perrumpi</span> <span class='ocrx_word' id='word_1_68' title='bbox 488 639 676 689; x_wconf 82' lang='lat' dir='ltr'>potuisse.</span> <span class='ocrx_word' id='word_1_69' title='bbox 726 639 915 677; x_wconf 81' lang='lat' dir='ltr'>exereitus</span> <span class='ocrx_word' id='word_1_70' title='bbox 951 640 1016 678; x_wconf 89' lang='lat' dir='ltr'>ubi</span> <span class='ocrx_word' id='word_1_71' title='bbox 1049 644 1168 686; x_wconf 88' lang='lat' dir='ltr'>esset,</span> <span class='ocrx_word' id='word_1_72' title='bbox 1206 652 1246 677; x_wconf 92' lang='lat' dir='ltr'>se</span> <span class='ocrx_word' id='word_1_73' title='bbox 1274 638 1443 685; x_wconf 68' lang='lat' dir='ltr'>nescire,</span> <span class='ocrx_word' id='word_1_74' title='bbox 1472 638 1658 684; x_wconf 86' lang='lat' dir='ltr'>arbitrari,</span> 
     </span>
     <span class='ocr_line' id='line_1_11' title="bbox 251 693 1658 746; baseline -0.001 -12"><span class='ocrx_word' id='word_1_75' title='bbox 251 696 353 734; x_wconf 89' lang='lat' dir='ltr'>velut</span> <span class='ocrx_word' id='word_1_76' title='bbox 377 695 460 746; x_wconf 84' lang='lat' dir='ltr'>ipse</span> <span class='ocrx_word' id='word_1_77' title='bbox 483 695 520 732; x_wconf 93' lang='lat' dir='ltr'>in</span> <span class='ocrx_word' id='word_1_78' title='bbox 542 707 583 732; x_wconf 89' lang='lat' dir='ltr'>re</span> <span class='ocrx_word' id='word_1_79' title='bbox 604 694 752 745; x_wconf 85' lang='lat' dir='ltr'>trepida</span> <span class='ocrx_word' id='word_1_80' title='bbox 773 695 846 733; x_wconf 86' lang='lat' dir='ltr'>loci</span> <span class='ocrx_word' id='word_1_81' title='bbox 867 695 1061 746; x_wconf 78' lang='lat' dir='ltr'>praesidio</span> <span class='ocrx_word' id='word_1_82' title='bbox 1085 708 1128 734; x_wconf 92' lang='lat' dir='ltr'>se</span> <span class='ocrx_word' id='word_1_83' title='bbox 1150 707 1320 745; x_wconf 87' lang='lat' dir='ltr'>suosque</span> <span class='ocrx_word' id='word_1_84' title='bbox 1341 694 1390 732; x_wconf 90' lang='lat' dir='ltr'>sit</span> <span class='ocrx_word' id='word_1_85' title='bbox 1409 699 1574 741; x_wconf 87' lang='lat' dir='ltr'>tutatus,</span> <span class='ocrx_word' id='word_1_86' title='bbox 1603 693 1658 732; x_wconf 86' lang='lat' dir='ltr'>sic</span> 
     </span>
     <span class='ocr_line' id='line_1_12' title="bbox 253 749 1657 801; baseline -0.001 -11"><span class='ocrx_word' id='word_1_87' title='bbox 253 752 451 790; x_wconf 82' lang='lat' dir='ltr'>consulem</span> <span class='ocrx_word' id='word_1_88' title='bbox 488 750 664 788; x_wconf 86' lang='lat' dir='ltr'>servandi</span> <span class='ocrx_word' id='word_1_89' title='bbox 693 750 879 790; x_wconf 83' lang='lat' dir='ltr'>exercitus</span> <span class='ocrx_word' id='word_1_90' title='bbox 913 763 1025 790; x_wconf 82' lang='lat' dir='ltr'>causa</span> <span class='ocrx_word' id='word_1_91' title='bbox 1051 752 1134 790; x_wconf 84' lang='lat' dir='ltr'>loca</span> <span class='ocrx_word' id='word_1_92' title='bbox 1164 751 1304 789; x_wconf 82' lang='lat' dir='ltr'>tutiora</span> <span class='ocrx_word' id='word_1_93' title='bbox 1335 750 1470 789; x_wconf 85' lang='lat' dir='ltr'>castris</span> <span class='ocrx_word' id='word_1_94' title='bbox 1496 749 1657 801; x_wconf 87' lang='lat' dir='ltr'>cepisse.</span> 
     </span>
     <span class='ocr_line' id='line_1_13' title="bbox 204 806 1658 858; baseline -0.003 -10"><span class='ocrx_word' id='word_1_95' title='bbox 204 819 221 849; x_wconf 86' lang='lat'><strong>7</strong></span> <span class='ocrx_word' id='word_1_96' title='bbox 252 819 324 846; x_wconf 88' lang='lat' dir='ltr'>nec</span> <span class='ocrx_word' id='word_1_97' title='bbox 344 807 572 845; x_wconf 82' lang='lat' dir='ltr'>Volscorum</span> <span class='ocrx_word' id='word_1_98' title='bbox 601 806 778 844; x_wconf 85' lang='lat' dir='ltr'>meliores</span> <span class='ocrx_word' id='word_1_99' title='bbox 806 819 869 845; x_wconf 86' lang='lat' dir='ltr'>res</span> <span class='ocrx_word' id='word_1_100' title='bbox 899 819 985 845; x_wconf 86' lang='lat' dir='ltr'>esse</span> <span class='ocrx_word' id='word_1_101' title='bbox 1006 808 1162 846; x_wconf 87' lang='lat' dir='ltr'>credere</span> <span class='ocrx_word' id='word_1_102' title='bbox 1183 819 1297 857; x_wconf 91' lang='lat' dir='ltr'>quam</span> <span class='ocrx_word' id='word_1_103' title='bbox 1318 807 1452 858; x_wconf 89' lang='lat' dir='ltr'>populi</span> <span class='ocrx_word' id='word_1_104' title='bbox 1474 806 1658 845; x_wconf 85' lang='lat' dir='ltr'>Romani:</span> 
     </span>
     <span class='ocr_line' id='line_1_14' title="bbox 252 863 1657 914; baseline -0.001 -12"><span class='ocrx_word' id='word_1_105' title='bbox 252 865 448 902; x_wconf 87' lang='lat' dir='ltr'>fortunam</span> <span class='ocrx_word' id='word_1_106' title='bbox 477 867 710 913; x_wconf 82' lang='lat' dir='ltr'>noctemque</span> <span class='ocrx_word' id='word_1_107' title='bbox 733 863 862 902; x_wconf 85' lang='lat' dir='ltr'>omnia</span> <span class='ocrx_word' id='word_1_108' title='bbox 883 863 1026 902; x_wconf 84' lang='lat' dir='ltr'>erroris</span> <span class='ocrx_word' id='word_1_109' title='bbox 1048 863 1171 902; x_wconf 86' lang='lat' dir='ltr'>mutui</span> <span class='ocrx_word' id='word_1_110' title='bbox 1192 863 1371 914; x_wconf 86' lang='lat' dir='ltr'>inplesse.</span> <span class='ocrx_word' id='word_1_111' title='bbox 1413 867 1657 914; x_wconf 82' lang='lat' dir='ltr'>precantem-</span> 
     </span>
     <span class='ocr_line' id='line_1_15' title="bbox 252 919 1658 971; baseline -0.001 -13"><span class='ocrx_word' id='word_1_112' title='bbox 252 932 325 971; x_wconf 88' lang='lat' dir='ltr'>que</span> <span class='ocrx_word' id='word_1_113' title='bbox 347 919 504 966; x_wconf 86' lang='lat' dir='ltr'>deinde,</span> <span class='ocrx_word' id='word_1_114' title='bbox 526 930 574 957; x_wconf 93' lang='lat' dir='ltr'>ne</span> <span class='ocrx_word' id='word_1_115' title='bbox 596 931 638 957; x_wconf 87' lang='lat' dir='ltr'>se</span> <span class='ocrx_word' id='word_1_116' title='bbox 658 919 805 957; x_wconf 86' lang='lat' dir='ltr'>fessum</span> <span class='ocrx_word' id='word_1_117' title='bbox 826 919 957 958; x_wconf 83' lang='lat' dir='ltr'>labore</span> <span class='ocrx_word' id='word_1_118' title='bbox 978 932 1021 959; x_wconf 83' lang='lat' dir='ltr'>ac</span> <span class='ocrx_word' id='word_1_119' title='bbox 1041 919 1260 959; x_wconf 87' lang='lat' dir='ltr'>volneribus</span> <span class='ocrx_word' id='word_1_120' title='bbox 1281 924 1466 965; x_wconf 88' lang='lat' dir='ltr'>tenerent,</span> <span class='ocrx_word' id='word_1_121' title='bbox 1487 931 1573 958; x_wconf 84' lang='lat' dir='ltr'>eum</span> <span class='ocrx_word' id='word_1_122' title='bbox 1596 919 1658 957; x_wconf 93' lang='lat' dir='ltr'>in-</span> 
     </span>
     <span class='ocr_line' id='line_1_16' title="bbox 253 975 1656 1027; baseline -0.001 -13"><span class='ocrx_word' id='word_1_123' title='bbox 253 976 356 1027; x_wconf 87' lang='lat' dir='ltr'>genti</span> <span class='ocrx_word' id='word_1_124' title='bbox 391 976 503 1014; x_wconf 86' lang='lat' dir='ltr'>laude</span> <span class='ocrx_word' id='word_1_125' title='bbox 538 987 616 1013; x_wconf 91' lang='lat' dir='ltr'>non</span> <span class='ocrx_word' id='word_1_126' title='bbox 650 975 802 1014; x_wconf 86' lang='lat' dir='ltr'>virtutis</span> <span class='ocrx_word' id='word_1_127' title='bbox 833 976 956 1026; x_wconf 80' lang='lat' dir='ltr'>magis</span> <span class='ocrx_word' id='word_1_128' title='bbox 986 989 1100 1027; x_wconf 87' lang='lat' dir='ltr'>quam</span> <span class='ocrx_word' id='word_1_129' title='bbox 1130 975 1411 1015; x_wconf 71' lang='lat' dir='ltr'>moderatibnis</span> <span class='ocrx_word' id='word_1_130' title='bbox 1439 975 1656 1014; x_wconf 87' lang='lat' dir='ltr'>dimissum.</span> 
     </span>
     <span class='ocr_line' id='line_1_17' title="bbox 204 1031 1655 1082; baseline -0.001 -11"><span class='ocrx_word' id='word_1_131' title='bbox 204 1043 223 1075; x_wconf 85' lang='lat'>8</span> <span class='ocrx_word' id='word_1_132' title='bbox 253 1045 341 1071; x_wconf 86' lang='lat' dir='ltr'>curn</span> <span class='ocrx_word' id='word_1_133' title='bbox 368 1032 461 1070; x_wconf 84' lang='lat' dir='ltr'>haee</span> <span class='ocrx_word' id='word_1_134' title='bbox 489 1036 709 1082; x_wconf 78' lang='lat' dir='ltr'>agerentur,</span> <span class='ocrx_word' id='word_1_135' title='bbox 738 1032 812 1070; x_wconf 86' lang='lat' dir='ltr'>iam</span> <span class='ocrx_word' id='word_1_136' title='bbox 840 1032 975 1070; x_wconf 84' lang='lat' dir='ltr'>consul</span> <span class='ocrx_word' id='word_1_137' title='bbox 997 1033 1054 1071; x_wconf 83' lang='lat' dir='ltr'>via</span> <span class='ocrx_word' id='word_1_138' title='bbox 1076 1033 1264 1071; x_wconf 83' lang='lat' dir='ltr'>Labicana</span> <span class='ocrx_word' id='word_1_139' title='bbox 1286 1032 1331 1070; x_wconf 87' lang='lat' dir='ltr'>ad</span> <span class='ocrx_word' id='word_1_140' title='bbox 1352 1032 1486 1070; x_wconf 84' lang='lat' dir='ltr'>fanum</span> <span class='ocrx_word' id='word_1_141' title='bbox 1508 1031 1655 1078; x_wconf 84' lang='lat' dir='ltr'>Quietis</span> 
     </span>
     <span class='ocr_line' id='line_1_18' title="bbox 252 1088 1656 1139; baseline -0.001 -12"><span class='ocrx_word' id='word_1_142' title='bbox 252 1093 344 1127; x_wconf 89' lang='lat' dir='ltr'>erat.</span> <span class='ocrx_word' id='word_1_143' title='bbox 384 1100 429 1126; x_wconf 89' lang='lat' dir='ltr'>eo</span> <span class='ocrx_word' id='word_1_144' title='bbox 459 1088 578 1126; x_wconf 79' lang='lat' dir='ltr'>missa</span> <span class='ocrx_word' id='word_1_145' title='bbox 606 1088 776 1138; x_wconf 84' lang='lat' dir='ltr'>plaustra</span> <span class='ocrx_word' id='word_1_146' title='bbox 806 1088 1053 1139; x_wconf 85' lang='lat' dir='ltr'>iumentaque</span> <span class='ocrx_word' id='word_1_147' title='bbox 1081 1089 1150 1127; x_wconf 81' lang='lat' dir='ltr'>alia</span> <span class='ocrx_word' id='word_1_148' title='bbox 1173 1089 1218 1127; x_wconf 92' lang='lat' dir='ltr'>ab</span> <span class='ocrx_word' id='word_1_149' title='bbox 1239 1088 1333 1127; x_wconf 83' lang='lat' dir='ltr'>urbe</span> <span class='ocrx_word' id='word_1_150' title='bbox 1355 1088 1561 1126; x_wconf 83' lang='lat' dir='ltr'>exercitum</span> <span class='ocrx_word' id='word_1_151' title='bbox 1586 1088 1656 1126; x_wconf 92' lang='lat' dir='ltr'>ad—</span> 
     </span>
     <span class='ocr_line' id='line_1_19' title="bbox 204 1143 1658 1196; baseline -0.001 -13"><span class='ocrx_word' id='word_1_152' title='bbox 204 1155 223 1187; x_wconf 87' lang='lat'>9</span> <span class='ocrx_word' id='word_1_153' title='bbox 251 1145 394 1183; x_wconf 81' lang='lat' dir='ltr'>fectum</span> <span class='ocrx_word' id='word_1_154' title='bbox 422 1144 570 1195; x_wconf 89' lang='lat' dir='ltr'>proelio</span> <span class='ocrx_word' id='word_1_155' title='bbox 599 1157 643 1182; x_wconf 85' lang='lat' dir='ltr'>ac</span> <span class='ocrx_word' id='word_1_156' title='bbox 668 1144 725 1182; x_wconf 88' lang='lat' dir='ltr'>via</span> <span class='ocrx_word' id='word_1_157' title='bbox 753 1149 943 1183; x_wconf 85' lang='lat' dir='ltr'>nocturna</span> <span class='ocrx_word' id='word_1_158' title='bbox 971 1158 1165 1196; x_wconf 83' lang='lat' dir='ltr'>excepere.</span> <span class='ocrx_word' id='word_1_159' title='bbox 1206 1144 1319 1195; x_wconf 86' lang='lat' dir='ltr'>paulo</span> <span class='ocrx_word' id='word_1_160' title='bbox 1349 1149 1442 1195; x_wconf 81' lang='lat' dir='ltr'>post</span> <span class='ocrx_word' id='word_1_161' title='bbox 1460 1144 1498 1182; x_wconf 92' lang='lat' dir='ltr'>in</span> <span class='ocrx_word' id='word_1_162' title='bbox 1522 1143 1658 1182; x_wconf 90' lang='lat' dir='ltr'>urbem</span> 
     </span>
     <span class='ocr_line' id='line_1_20' title="bbox 252 1199 1657 1251; baseline -0.001 -12"><span class='ocrx_word' id='word_1_163' title='bbox 252 1205 310 1239; x_wconf 88' lang='lat' dir='ltr'>est</span> <span class='ocrx_word' id='word_1_164' title='bbox 336 1201 536 1251; x_wconf 80' lang='lat' dir='ltr'>ingressus</span> <span class='ocrx_word' id='word_1_165' title='bbox 565 1200 720 1246; x_wconf 84' lang='lat' dir='ltr'>consul,</span> <span class='ocrx_word' id='word_1_166' title='bbox 750 1212 831 1239; x_wconf 90' lang='lat' dir='ltr'>non</span> <span class='ocrx_word' id='word_1_167' title='bbox 862 1201 907 1240; x_wconf 83' lang='lat' dir='ltr'>ab</span> <span class='ocrx_word' id='word_1_168' title='bbox 940 1214 982 1240; x_wconf 88' lang='lat' dir='ltr'>se</span> <span class='ocrx_word' id='word_1_169' title='bbox 1008 1202 1132 1251; x_wconf 79' lang='lat' dir='ltr'>magis</span> <span class='ocrx_word' id='word_1_170' title='bbox 1161 1201 1269 1239; x_wconf 86' lang='lat' dir='ltr'>enixe</span> <span class='ocrx_word' id='word_1_171' title='bbox 1300 1212 1483 1239; x_wconf 88' lang='lat' dir='ltr'>amovens</span> <span class='ocrx_word' id='word_1_172' title='bbox 1507 1199 1657 1250; x_wconf 84' lang='lat' dir='ltr'>culpam</span> 
     </span>
    </p>
   </div>
   <div class='ocr_carea' id='block_1_5' title="bbox 246 1311 920 2657">
    <p class='ocr_par' dir='ltr' id='par_1_5' title="bbox 246 1311 920 2388">
     <span class='ocr_line' id='line_1_21' title="bbox 253 1311 920 1344; baseline -0.001 0"><span class='ocrx_word' id='word_1_173' title='bbox 253 1311 356 1344; x_wconf 81' lang='lat' dir='ltr'>tanda</span> <span class='ocrx_word' id='word_1_174' title='bbox 379 1317 559 1343; x_wconf 85' lang='lat' dir='ltr'>erwarten.</span> <span class='ocrx_word' id='word_1_175' title='bbox 593 1311 703 1344; x_wconf 88' lang='lat' dir='ltr'>Ueber</span> <span class='ocrx_word' id='word_1_176' title='bbox 727 1312 787 1343; x_wconf 87' lang='lat' dir='ltr'>den</span> <span class='ocrx_word' id='word_1_177' title='bbox 814 1312 920 1343; x_wconf 88' lang='lat' dir='ltr'>weni-</span> 
     </span>
     <span class='ocr_line' id='line_1_22' title="bbox 252 1356 919 1399; baseline 0.001 -11"><span class='ocrx_word' id='word_1_178' title='bbox 252 1367 312 1398; x_wconf 84' lang='lat' dir='ltr'>ger</span> <span class='ocrx_word' id='word_1_179' title='bbox 334 1367 482 1397; x_wconf 83' lang='lat' dir='ltr'>genauen</span> <span class='ocrx_word' id='word_1_180' title='bbox 504 1356 678 1388; x_wconf 80' lang='lat' dir='ltr'>Gebrauch</span> <span class='ocrx_word' id='word_1_181' title='bbox 701 1368 765 1388; x_wconf 88' lang='lat' dir='ltr'>von</span> <span class='ocrx_word' id='word_1_182' title='bbox 791 1368 919 1399; x_wconf 73' lang='lat' dir='ltr'>quoque</span> 
     </span>
     <span class='ocr_line' id='line_1_23' title="bbox 251 1401 915 1442; baseline -0.002 -9"><span class='ocrx_word' id='word_1_183' title='bbox 251 1413 277 1433; x_wconf 87' lang='grc'>5.</span> <span class='ocrx_word' id='word_1_184' title='bbox 297 1401 356 1441; x_wconf 78' lang='grc'>23,</span> <span class='ocrx_word' id='word_1_185' title='bbox 375 1402 434 1440; x_wconf 89' lang='grc'><strong>21,</strong></span> <span class='ocrx_word' id='word_1_186' title='bbox 454 1402 490 1440; x_wconf 66' lang='grc'>6,</span> <span class='ocrx_word' id='word_1_187' title='bbox 508 1402 568 1442; x_wconf 87' lang='grc'>22,</span> <span class='ocrx_word' id='word_1_188' title='bbox 588 1402 625 1442; x_wconf 85' lang='grc'>7,</span> <span class='ocrx_word' id='word_1_189' title='bbox 644 1402 683 1441; x_wconf 83' lang='lat'>53</span> <span class='ocrx_word' id='word_1_190' title='bbox 708 1402 750 1433; x_wconf 83' lang='lat' dir='ltr'>ib.</span> <span class='ocrx_word' id='word_1_191' title='bbox 774 1402 829 1441; x_wconf 84' lang='lat'>14,</span> <span class='ocrx_word' id='word_1_192' title='bbox 858 1403 915 1441; x_wconf 74' lang='lat'>153</span> 
     </span>
     <span class='ocr_line' id='line_1_24' title="bbox 250 1446 917 1489; baseline -0.001 -11"><span class='ocrx_word' id='word_1_193' title='bbox 250 1446 622 1489; x_wconf 77' lang='lat'>25,16,11;33,34,</span> <span class='ocrx_word' id='word_1_194' title='bbox 647 1446 685 1485; x_wconf 81' lang='lat'>63</span> <span class='ocrx_word' id='word_1_195' title='bbox 712 1446 854 1489; x_wconf 77' lang='lat'>35,39,</span> <span class='ocrx_word' id='word_1_196' title='bbox 882 1448 917 1487; x_wconf 83' lang='lat'>13</span> 
     </span>
     <span class='ocr_line' id='line_1_25' title="bbox 250 1491 916 1533; baseline 0 -10"><span class='ocrx_word' id='word_1_197' title='bbox 250 1492 310 1531; x_wconf 64' lang='lat'>35,</span> <span class='ocrx_word' id='word_1_198' title='bbox 339 1491 531 1533; x_wconf 74' lang='lat'>13,10;4,</span> <span class='ocrx_word' id='word_1_199' title='bbox 550 1492 609 1532; x_wconf 73' lang='lat'>44,</span> <span class='ocrx_word' id='word_1_200' title='bbox 629 1491 658 1523; x_wconf 85' lang='lat'>9.</span> <span class='ocrx_word' id='word_1_201' title='bbox 691 1491 792 1523; x_wconf 86' lang='lat' dir='ltr'>Gron.</span> <span class='ocrx_word' id='word_1_202' title='bbox 811 1503 916 1524; x_wconf 89' lang='lat' dir='ltr'>verm.</span> 
     </span>
     <span class='ocr_line' id='line_1_26' title="bbox 248 1538 915 1580; baseline 0 -12"><span class='ocrx_word' id='word_1_203' title='bbox 248 1539 421 1580; x_wconf 79' lang='lat' dir='ltr'>pensitare</span> <span class='ocrx_word' id='word_1_204' title='bbox 457 1548 486 1579; x_wconf 81' lang='lat' dir='ltr'>q.</span> <span class='ocrx_word' id='word_1_205' title='bbox 518 1556 540 1559; x_wconf 98' lang='lat'>—</span> <span class='ocrx_word' id='word_1_206' title='bbox 571 1538 691 1579; x_wconf 76' lang='lat' dir='ltr'>magni</span> <span class='ocrx_word' id='word_1_207' title='bbox 743 1539 848 1569; x_wconf 71' lang='lat' dir='ltr'>animi</span> <span class='ocrx_word' id='word_1_208' title='bbox 883 1548 915 1569; x_wconf 90' lang='grc' dir='ltr'>α.</span> 
     </span>
     <span class='ocr_line' id='line_1_27' title="bbox 249 1582 917 1624; baseline 0 -11"><span class='ocrx_word' id='word_1_209' title='bbox 249 1584 380 1624; x_wconf 73' lang='lat' dir='ltr'>ingenii</span> <span class='ocrx_word' id='word_1_210' title='bbox 411 1594 492 1623; x_wconf 52' lang='lat' dir='ltr'>ess„</span> <span class='ocrx_word' id='word_1_211' title='bbox 527 1592 597 1614; x_wconf 85' lang='lat' dir='ltr'>was</span> <span class='ocrx_word' id='word_1_212' title='bbox 630 1583 701 1613; x_wconf 85' lang='lat' dir='ltr'>dem</span> <span class='ocrx_word' id='word_1_213' title='bbox 736 1582 917 1614; x_wconf 80' lang='lat' dir='ltr'>Gedanken</span> 
     </span>
     <span class='ocr_line' id='line_1_28' title="bbox 249 1626 917 1670; baseline 0.001 -12"><span class='ocrx_word' id='word_1_214' title='bbox 249 1628 442 1669; x_wconf 79' lang='lat' dir='ltr'>entspricht,</span> <span class='ocrx_word' id='word_1_215' title='bbox 458 1627 609 1668; x_wconf 86' lang='lat' dir='ltr'>s.22,51,</span> <span class='ocrx_word' id='word_1_216' title='bbox 621 1626 657 1666; x_wconf 83' lang='lat'>33</span> <span class='ocrx_word' id='word_1_217' title='bbox 674 1627 808 1668; x_wconf 83' lang='lat' dir='ltr'>Madvig</span> <span class='ocrx_word' id='word_1_218' title='bbox 822 1639 917 1670; x_wconf 78' lang='lat' dir='ltr'>qnae,</span> 
     </span>
     <span class='ocr_line' id='line_1_29' title="bbox 247 1673 918 1716; baseline 0.001 -13"><span class='ocrx_word' id='word_1_219' title='bbox 247 1673 449 1716; x_wconf 62' lang='lat' dir='ltr'>pensitanda</span> <span class='ocrx_word' id='word_1_220' title='bbox 462 1674 725 1714; x_wconf 67' lang='lat' dir='ltr'>qzcoq.,—magni</span> <span class='ocrx_word' id='word_1_221' title='bbox 735 1677 797 1704; x_wconf 80' lang='lat' dir='ltr'>etc.</span> <span class='ocrx_word' id='word_1_222' title='bbox 808 1688 828 1698; x_wconf 90' lang='lat'>=</span> <span class='ocrx_word' id='word_1_223' title='bbox 838 1674 918 1704; x_wconf 79' lang='lat' dir='ltr'>wel-</span> 
     </span>
     <span class='ocr_line' id='line_1_30' title="bbox 249 1718 916 1759; baseline 0.001 -11"><span class='ocrx_word' id='word_1_224' title='bbox 249 1719 320 1758; x_wconf 85' lang='lat' dir='ltr'>che,</span> <span class='ocrx_word' id='word_1_225' title='bbox 338 1719 418 1748; x_wconf 84' lang='lat' dir='ltr'>auch</span> <span class='ocrx_word' id='word_1_226' title='bbox 436 1728 497 1748; x_wconf 89' lang='lat' dir='ltr'>nur</span> <span class='ocrx_word' id='word_1_227' title='bbox 511 1729 550 1748; x_wconf 92' lang='lat' dir='ltr'>zu</span> <span class='ocrx_word' id='word_1_228' title='bbox 571 1718 916 1759; x_wconf 74' lang='lat' dir='ltr'>ihrersseurtheilung,</span> 
     </span>
     <span class='ocr_line' id='line_1_31' title="bbox 250 1762 916 1802; baseline 0.002 -9"><span class='ocrx_word' id='word_1_229' title='bbox 250 1764 342 1793; x_wconf 87' lang='lat' dir='ltr'>einen</span> <span class='ocrx_word' id='word_1_230' title='bbox 385 1773 523 1802; x_wconf 83' lang='lat' dir='ltr'>grossen</span> <span class='ocrx_word' id='word_1_231' title='bbox 559 1762 653 1794; x_wconf 86' lang='lat' dir='ltr'>Geist</span> <span class='ocrx_word' id='word_1_232' title='bbox 687 1762 916 1802; x_wconf 82' lang='lat' dir='ltr'>erforderten3</span> 
     </span>
     <span class='ocr_line' id='line_1_32' title="bbox 249 1808 915 1839; baseline 0.002 -1"><span class='ocrx_word' id='word_1_233' title='bbox 249 1808 330 1838; x_wconf 81' lang='lat' dir='ltr'>doch</span> <span class='ocrx_word' id='word_1_234' title='bbox 365 1808 494 1839; x_wconf 79' lang='lat' dir='ltr'>scheint</span> <span class='ocrx_word' id='word_1_235' title='bbox 527 1818 562 1838; x_wconf 86' lang='lat' dir='ltr'>es</span> <span class='ocrx_word' id='word_1_236' title='bbox 600 1808 793 1839; x_wconf 81' lang='lat' dir='ltr'>bedenklieh</span> <span class='ocrx_word' id='word_1_237' title='bbox 835 1809 915 1839; x_wconf 81' lang='lat' dir='ltr'>nach</span> 
     </span>
     <span class='ocr_line' id='line_1_33' title="bbox 249 1852 916 1893; baseline 0.001 -10"><span class='ocrx_word' id='word_1_238' title='bbox 249 1854 342 1883; x_wconf 83' lang='lat' dir='ltr'>einer</span> <span class='ocrx_word' id='word_1_239' title='bbox 374 1852 602 1892; x_wconf 84' lang='lat' dir='ltr'>Vermuthung</span> <span class='ocrx_word' id='word_1_240' title='bbox 635 1854 707 1884; x_wconf 88' lang='lat' dir='ltr'>eine</span> <span class='ocrx_word' id='word_1_241' title='bbox 742 1864 778 1884; x_wconf 89' lang='lat' dir='ltr'>so</span> <span class='ocrx_word' id='word_1_242' title='bbox 812 1864 916 1893; x_wconf 81' lang='lat' dir='ltr'>unge·</span> 
     </span>
     <span class='ocr_line' id='line_1_34' title="bbox 248 1897 915 1939; baseline 0.001 -11"><span class='ocrx_word' id='word_1_243' title='bbox 248 1897 915 1939; x_wconf 66' lang='lat' dir='ltr'>wtihnlicheVer-bindungaufzunehmen,</span> 
     </span>
     <span class='ocr_line' id='line_1_35' title="bbox 248 1943 915 1982; baseline 0.001 -9"><span class='ocrx_word' id='word_1_244' title='bbox 248 1943 431 1973; x_wconf 71' lang='lat' dir='ltr'>hesonders</span> <span class='ocrx_word' id='word_1_245' title='bbox 451 1944 488 1973; x_wconf 83' lang='lat' dir='ltr'>da</span> <span class='ocrx_word' id='word_1_246' title='bbox 515 1943 663 1974; x_wconf 76' lang='lat' dir='ltr'>iibnliche</span> <span class='ocrx_word' id='word_1_247' title='bbox 682 1943 826 1982; x_wconf 82' lang='lat' dir='ltr'>Stelien,</span> <span class='ocrx_word' id='word_1_248' title='bbox 852 1944 915 1974; x_wconf 87' lang='lat' dir='ltr'>wie</span> 
     </span>
     <span class='ocr_line' id='line_1_36' title="bbox 249 1988 913 2030; baseline 0.003 -13"><span class='ocrx_word' id='word_1_249' title='bbox 249 1988 285 2027; x_wconf 82' lang='grc'>6,</span> <span class='ocrx_word' id='word_1_250' title='bbox 310 1988 370 2028; x_wconf 88' lang='lat'>37,</span> <span class='ocrx_word' id='word_1_251' title='bbox 405 1988 633 2029; x_wconf 70' lang='lat' dir='ltr'>112smlenda</span> <span class='ocrx_word' id='word_1_252' title='bbox 648 2007 670 2010; x_wconf 98' lang='lat'><strong>—</strong></span> <span class='ocrx_word' id='word_1_253' title='bbox 687 1988 913 2030; x_wconf 72' lang='lat' dir='ltr'>relz&#39;nquenda,</span> 
     </span>
     <span class='ocr_line' id='line_1_37' title="bbox 249 2032 915 2073; baseline 0.002 -11"><span class='ocrx_word' id='word_1_254' title='bbox 249 2032 279 2069; x_wconf 87' lang='lat'>7,</span> <span class='ocrx_word' id='word_1_255' title='bbox 298 2032 351 2071; x_wconf 90' lang='grc'>32,</span> <span class='ocrx_word' id='word_1_256' title='bbox 373 2032 405 2063; x_wconf 96' lang='grc'>11</span> <span class='ocrx_word' id='word_1_257' title='bbox 422 2045 429 2063; x_wconf 91' lang='lat'>:</span> <span class='ocrx_word' id='word_1_258' title='bbox 447 2033 646 2071; x_wconf 69' lang='lat' dir='ltr'>audiendas,</span> <span class='ocrx_word' id='word_1_259' title='bbox 666 2034 736 2064; x_wconf 86' lang='lat' dir='ltr'>dem</span> <span class='ocrx_word' id='word_1_260' title='bbox 756 2034 915 2073; x_wconf 82' lang='lat' dir='ltr'>gew&#39;dhn—</span> 
     </span>
     <span class='ocr_line' id='line_1_38' title="bbox 246 2077 914 2109; baseline 0.001 -2"><span class='ocrx_word' id='word_1_261' title='bbox 246 2078 353 2108; x_wconf 80' lang='lat' dir='ltr'>lichen</span> <span class='ocrx_word' id='word_1_262' title='bbox 396 2077 589 2108; x_wconf 81' lang='lat' dir='ltr'>Gebrauche</span> <span class='ocrx_word' id='word_1_263' title='bbox 636 2078 692 2108; x_wconf 86' lang='lat' dir='ltr'>des</span> <span class='ocrx_word' id='word_1_264' title='bbox 733 2077 914 2109; x_wconf 82' lang='lat' dir='ltr'>Gerundiv.</span> 
     </span>
     <span class='ocr_line' id='line_1_39' title="bbox 249 2122 914 2154; baseline 0 -2"><span class='ocrx_word' id='word_1_265' title='bbox 249 2123 353 2153; x_wconf 74' lang='lat' dir='ltr'>niiher</span> <span class='ocrx_word' id='word_1_266' title='bbox 386 2122 514 2153; x_wconf 87' lang='lat' dir='ltr'>stehen.</span> <span class='ocrx_word' id='word_1_267' title='bbox 546 2140 590 2145; x_wconf 82' lang='lat'>—-</span> <span class='ocrx_word' id='word_1_268' title='bbox 622 2122 815 2154; x_wconf 64' lang='lat' dir='ltr'>adhortavit.</span> <span class='ocrx_word' id='word_1_269' title='bbox 850 2123 914 2153; x_wconf 87' lang='lat' dir='ltr'>Be-</span> 
     </span>
     <span class='ocr_line' id='line_1_40' title="bbox 248 2167 913 2206; baseline 0 -9"><span class='ocrx_word' id='word_1_270' title='bbox 248 2168 424 2206; x_wconf 81' lang='lat' dir='ltr'>stimmung</span> <span class='ocrx_word' id='word_1_271' title='bbox 448 2178 488 2197; x_wconf 90' lang='lat' dir='ltr'>zu</span> <span class='ocrx_word' id='word_1_272' title='bbox 513 2170 719 2205; x_wconf 69' lang='lat' dir='ltr'>versantem,</span> <span class='ocrx_word' id='word_1_273' title='bbox 750 2178 775 2197; x_wconf 90' lang='grc'>5.</span> <span class='ocrx_word' id='word_1_274' title='bbox 803 2167 833 2206; x_wconf 83' lang='lat'>1,</span> <span class='ocrx_word' id='word_1_275' title='bbox 860 2167 913 2205; x_wconf 88' lang='lat'>21,</span> 
     </span>
     <span class='ocr_line' id='line_1_41' title="bbox 250 2211 913 2253; baseline 0.002 -11"><span class='ocrx_word' id='word_1_276' title='bbox 250 2212 278 2243; x_wconf 94' lang='lat'>1.</span> <span class='ocrx_word' id='word_1_277' title='bbox 294 2230 336 2234; x_wconf 87' lang='lat'>-</span> <span class='ocrx_word' id='word_1_278' title='bbox 351 2213 462 2253; x_wconf 68' lang='lat' dir='ltr'>sigua,</span> <span class='ocrx_word' id='word_1_279' title='bbox 481 2212 532 2242; x_wconf 87' lang='lat' dir='ltr'>die</span> <span class='ocrx_word' id='word_1_280' title='bbox 548 2211 681 2242; x_wconf 77' lang='lat' dir='ltr'>Falinen</span> <span class='ocrx_word' id='word_1_281' title='bbox 697 2213 755 2242; x_wconf 80' lang='lat' dir='ltr'>der</span> <span class='ocrx_word' id='word_1_282' title='bbox 770 2211 913 2253; x_wconf 81' lang='lat' dir='ltr'>Manipel</span> 
     </span>
     <span class='ocr_line' id='line_1_42' title="bbox 248 2256 913 2298; baseline 0 -11"><span class='ocrx_word' id='word_1_283' title='bbox 248 2261 330 2288; x_wconf 78' lang='lat' dir='ltr'>statt</span> <span class='ocrx_word' id='word_1_284' title='bbox 347 2257 458 2288; x_wconf 86' lang='lat' dir='ltr'>dieser</span> <span class='ocrx_word' id='word_1_285' title='bbox 481 2257 601 2287; x_wconf 82' lang='lat' dir='ltr'>selbst:</span> <span class='ocrx_word' id='word_1_286' title='bbox 622 2257 673 2287; x_wconf 90' lang='lat' dir='ltr'>die</span> <span class='ocrx_word' id='word_1_287' title='bbox 693 2256 833 2298; x_wconf 82' lang='lat' dir='ltr'>Manipel</span> <span class='ocrx_word' id='word_1_288' title='bbox 854 2268 913 2287; x_wconf 90' lang='lat' dir='ltr'>un-</span> 
     </span>
     <span class='ocr_line' id='line_1_43' title="bbox 248 2301 912 2340; baseline 0 -7"><span class='ocrx_word' id='word_1_289' title='bbox 248 2307 300 2333; x_wconf 88' lang='lat' dir='ltr'>ter</span> <span class='ocrx_word' id='word_1_290' title='bbox 318 2302 408 2333; x_wconf 85' lang='lat' dir='ltr'>ihren</span> <span class='ocrx_word' id='word_1_291' title='bbox 428 2301 577 2340; x_wconf 81' lang='lat' dir='ltr'>Fahnen,</span> <span class='ocrx_word' id='word_1_292' title='bbox 597 2312 622 2332; x_wconf 92' lang='lat' dir='ltr'>s.</span> <span class='ocrx_word' id='word_1_293' title='bbox 641 2301 698 2338; x_wconf 80' lang='lat'>28,</span> <span class='ocrx_word' id='word_1_294' title='bbox 722 2302 777 2339; x_wconf 81' lang='lat'>14,</span> <span class='ocrx_word' id='word_1_295' title='bbox 801 2301 851 2333; x_wconf 75' lang='lat'>18.</span> <span class='ocrx_word' id='word_1_296' title='bbox 869 2320 912 2324; x_wconf 91' lang='lat'>——</span> 
     </span>
     <span class='ocr_line' id='line_1_44' title="bbox 249 2346 732 2388; baseline -0.002 -10"><span class='ocrx_word' id='word_1_297' title='bbox 249 2350 412 2388; x_wconf 75' lang='lat' dir='ltr'>tenuerat,</span> <span class='ocrx_word' id='word_1_298' title='bbox 430 2346 460 2387; x_wconf 88' lang='lat'>3,</span> <span class='ocrx_word' id='word_1_299' title='bbox 481 2346 510 2385; x_wconf 92' lang='lat'>2,</span> <span class='ocrx_word' id='word_1_300' title='bbox 529 2346 564 2377; x_wconf 84' lang='lat'>3:</span> <span class='ocrx_word' id='word_1_301' title='bbox 583 2346 732 2378; x_wconf 79' lang='lat' dir='ltr'>dederat.</span> 
     </span>
    </p>

    <p class='ocr_par' dir='ltr' id='par_1_6' title="bbox 246 2390 916 2657">
     <span class='ocr_line' id='line_1_45' title="bbox 293 2390 916 2434; baseline -0.003 -10"><span class='ocrx_word' id='word_1_302' title='bbox 293 2393 323 2424; x_wconf 86' lang='lat'>7.</span> <span class='ocrx_word' id='word_1_303' title='bbox 349 2395 607 2434; x_wconf 72' lang='lat' dir='ltr'>precantemque</span> <span class='ocrx_word' id='word_1_304' title='bbox 623 2393 701 2431; x_wconf 81' lang='lat' dir='ltr'>geht</span> <span class='ocrx_word' id='word_1_305' title='bbox 718 2392 840 2422; x_wconf 85' lang='lat' dir='ltr'>wieder</span> <span class='ocrx_word' id='word_1_306' title='bbox 857 2390 916 2422; x_wconf 81' lang='lat' dir='ltr'>auf</span> 
     </span>
     <span class='ocr_line' id='line_1_46' title="bbox 246 2436 911 2478; baseline -0.003 -9"><span class='ocrx_word' id='word_1_307' title='bbox 246 2436 267 2478; x_wconf 62' lang='grc' dir='ltr'>ξ</span> <span class='ocrx_word' id='word_1_308' title='bbox 289 2438 320 2468; x_wconf 87' lang='lat'>1:</span> <span class='ocrx_word' id='word_1_309' title='bbox 339 2437 461 2469; x_wconf 71' lang='lat' dir='ltr'>dicitur</span> <span class='ocrx_word' id='word_1_310' title='bbox 481 2437 621 2474; x_wconf 83' lang='lat' dir='ltr'>zuriiek,</span> <span class='ocrx_word' id='word_1_311' title='bbox 640 2437 684 2467; x_wconf 84' lang='lat' dir='ltr'>ist</span> <span class='ocrx_word' id='word_1_312' title='bbox 701 2436 780 2467; x_wconf 83' lang='lat' dir='ltr'>aber</span> <span class='ocrx_word' id='word_1_313' title='bbox 798 2447 833 2467; x_wconf 81' lang='lat' dir='ltr'>so</span> <span class='ocrx_word' id='word_1_314' title='bbox 852 2447 911 2468; x_wconf 85' lang='lat' dir='ltr'>an-</span> 
     </span>
     <span class='ocr_line' id='line_1_47' title="bbox 247 2480 909 2524; baseline -0.002 -11"><span class='ocrx_word' id='word_1_315' title='bbox 247 2480 421 2524; x_wconf 74' lang='lat' dir='ltr'>gekniipft,</span> <span class='ocrx_word' id='word_1_316' title='bbox 450 2482 500 2513; x_wconf 86' lang='lat' dir='ltr'>als</span> <span class='ocrx_word' id='word_1_317' title='bbox 519 2482 558 2513; x_wconf 83' lang='lat' dir='ltr'>ob</span> <span class='ocrx_word' id='word_1_318' title='bbox 577 2482 692 2514; x_wconf 74' lang='lat' dir='ltr'>dicunt</span> <span class='ocrx_word' id='word_1_319' title='bbox 709 2482 845 2521; x_wconf 75' lang='lat' dir='ltr'>stiinde,</span> <span class='ocrx_word' id='word_1_320' title='bbox 879 2481 909 2522; x_wconf 84' lang='lat'>2,</span> 
     </span>
     <span class='ocr_line' id='line_1_48' title="bbox 248 2526 910 2568; baseline 0 -11"><span class='ocrx_word' id='word_1_321' title='bbox 248 2529 278 2567; x_wconf 82' lang='lat'>5,</span> <span class='ocrx_word' id='word_1_322' title='bbox 298 2527 336 2565; x_wconf 84' lang='lat'>33</span> <span class='ocrx_word' id='word_1_323' title='bbox 362 2529 391 2568; x_wconf 83' lang='lat'>5,</span> <span class='ocrx_word' id='word_1_324' title='bbox 410 2527 462 2565; x_wconf 88' lang='grc'><strong>41,</strong></span> <span class='ocrx_word' id='word_1_325' title='bbox 482 2527 511 2558; x_wconf 90' lang='grc'>9.</span> <span class='ocrx_word' id='word_1_326' title='bbox 531 2545 575 2549; x_wconf 93' lang='grc'>--</span> <span class='ocrx_word' id='word_1_327' title='bbox 591 2527 829 2566; x_wconf 76' lang='lat' dir='ltr'>moderatione,</span> <span class='ocrx_word' id='word_1_328' title='bbox 850 2526 910 2557; x_wconf 84' lang='lat' dir='ltr'>sse-</span> 
     </span>
     <span class='ocr_line' id='line_1_49' title="bbox 248 2572 912 2611; baseline -0.003 -8"><span class='ocrx_word' id='word_1_329' title='bbox 248 2573 475 2603; x_wconf 86' lang='lat' dir='ltr'>scheidenheit</span> <span class='ocrx_word' id='word_1_330' title='bbox 505 2573 535 2602; x_wconf 91' lang='lat' dir='ltr'>in</span> <span class='ocrx_word' id='word_1_331' title='bbox 566 2573 624 2603; x_wconf 90' lang='lat' dir='ltr'>der</span> <span class='ocrx_word' id='word_1_332' title='bbox 654 2572 912 2611; x_wconf 74' lang='lat' dir='ltr'>Beschriinkung</span> 
     </span>
     <span class='ocr_line' id='line_1_50' title="bbox 248 2617 911 2657; baseline -0.002 -9"><span class='ocrx_word' id='word_1_333' title='bbox 248 2618 305 2648; x_wconf 83' lang='lat' dir='ltr'>des</span> <span class='ocrx_word' id='word_1_334' title='bbox 335 2618 471 2657; x_wconf 75' lang='lat' dir='ltr'>elgenen</span> <span class='ocrx_word' id='word_1_335' title='bbox 490 2617 598 2649; x_wconf 86' lang='lat' dir='ltr'>Lobes</span> <span class='ocrx_word' id='word_1_336' title='bbox 626 2618 692 2648; x_wconf 89' lang='lat' dir='ltr'>und</span> <span class='ocrx_word' id='word_1_337' title='bbox 721 2617 780 2648; x_wconf 89' lang='lat' dir='ltr'>der</span> <span class='ocrx_word' id='word_1_338' title='bbox 805 2617 911 2648; x_wconf 87' lang='lat' dir='ltr'>Aner-</span> 
     </span>
    </p>
   </div>
   <div class='ocr_carea' id='block_1_6' title="bbox 981 1308 1658 2660">
    <p class='ocr_par' dir='ltr' id='par_1_7' title="bbox 990 1308 1658 1532">
     <span class='ocr_line' id='line_1_51' title="bbox 991 1308 1657 1353; baseline -0.002 -10"><span class='ocrx_word' id='word_1_339' title='bbox 991 1312 1147 1353; x_wconf 81' lang='lat' dir='ltr'>keunung</span> <span class='ocrx_word' id='word_1_340' title='bbox 1163 1310 1307 1343; x_wconf 84' lang='lat' dir='ltr'>fremder</span> <span class='ocrx_word' id='word_1_341' title='bbox 1325 1311 1543 1352; x_wconf 84' lang='lat' dir='ltr'>Verdienste,</span> <span class='ocrx_word' id='word_1_342' title='bbox 1572 1308 1657 1342; x_wconf 85' lang='lat' dir='ltr'>fasst</span> 
     </span>
     <span class='ocr_line' id='line_1_52' title="bbox 992 1354 1657 1397; baseline -0.003 -9"><span class='ocrx_word' id='word_1_343' title='bbox 992 1358 1023 1388; x_wconf 89' lang='lat' dir='ltr'>in</span> <span class='ocrx_word' id='word_1_344' title='bbox 1049 1357 1142 1388; x_wconf 85' lang='lat' dir='ltr'>einen</span> <span class='ocrx_word' id='word_1_345' title='bbox 1162 1357 1289 1397; x_wconf 83' lang='lat' dir='ltr'>Begriff</span> <span class='ocrx_word' id='word_1_346' title='bbox 1309 1366 1514 1396; x_wconf 85' lang='lat' dir='ltr'>zusammen,</span> <span class='ocrx_word' id='word_1_347' title='bbox 1544 1365 1612 1387; x_wconf 85' lang='lat' dir='ltr'>was</span> <span class='ocrx_word' id='word_1_348' title='bbox 1636 1354 1657 1397; x_wconf 63' lang='grc' dir='ltr'>ξ</span> 
     </span>
     <span class='ocr_line' id='line_1_53' title="bbox 994 1400 1656 1441; baseline -0.003 -8"><span class='ocrx_word' id='word_1_349' title='bbox 994 1402 1027 1433; x_wconf 92' lang='grc'>1;</span> <span class='ocrx_word' id='word_1_350' title='bbox 1051 1413 1118 1433; x_wconf 79' lang='lat' dir='ltr'>non</span> <span class='ocrx_word' id='word_1_351' title='bbox 1136 1404 1209 1434; x_wconf 76' lang='lat' dir='ltr'>suis</span> <span class='ocrx_word' id='word_1_352' title='bbox 1224 1421 1246 1424; x_wconf 98' lang='lat'><strong>—</strong></span> <span class='ocrx_word' id='word_1_353' title='bbox 1263 1402 1352 1433; x_wconf 73' lang='lat' dir='ltr'>laeta</span> <span class='ocrx_word' id='word_1_354' title='bbox 1370 1403 1491 1440; x_wconf 82' lang='lat' dir='ltr'>heisst3</span> <span class='ocrx_word' id='word_1_355' title='bbox 1521 1401 1578 1441; x_wconf 86' lang='lat'>10,</span> <span class='ocrx_word' id='word_1_356' title='bbox 1605 1400 1656 1441; x_wconf 91' lang='lat'>13,</span> 
     </span>
     <span class='ocr_line' id='line_1_54' title="bbox 991 1447 1658 1479; baseline -0.001 -1"><span class='ocrx_word' id='word_1_357' title='bbox 991 1449 1026 1478; x_wconf 69' lang='grc' dir='ltr'>δε</span> <span class='ocrx_word' id='word_1_358' title='bbox 1059 1449 1199 1479; x_wconf 77' lang='lat' dir='ltr'>acuebat</span> <span class='ocrx_word' id='word_1_359' title='bbox 1226 1448 1288 1478; x_wconf 81' lang='grc' dir='ltr'><em>Ιιαο</em></span> <span class='ocrx_word' id='word_1_360' title='bbox 1323 1447 1554 1479; x_wconf 76' lang='lat' dir='ltr'>moderatione</span> <span class='ocrx_word' id='word_1_361' title='bbox 1589 1448 1658 1478; x_wconf 84' lang='lat' dir='ltr'>tam</span> 
     </span>
     <span class='ocr_line' id='line_1_55' title="bbox 990 1491 1401 1532; baseline -0.005 -8"><span class='ocrx_word' id='word_1_362' title='bbox 990 1495 1082 1524; x_wconf 64' lang='lat' dir='ltr'>Iusta</span> <span class='ocrx_word' id='word_1_363' title='bbox 1100 1492 1226 1530; x_wconf 67' lang='lat' dir='ltr'>studia,</span> <span class='ocrx_word' id='word_1_364' title='bbox 1245 1492 1276 1531; x_wconf 82' lang='lat'>6,</span> <span class='ocrx_word' id='word_1_365' title='bbox 1297 1492 1350 1532; x_wconf 76' lang='lat'>25,</span> <span class='ocrx_word' id='word_1_366' title='bbox 1371 1491 1401 1523; x_wconf 85' lang='grc'>6.</span> 
     </span>
    </p>

    <p class='ocr_par' dir='ltr' id='par_1_8' title="bbox 981 1536 1658 2660">
     <span class='ocr_line' id='line_1_56' title="bbox 1036 1536 1657 1577; baseline -0.005 -8"><span class='ocrx_word' id='word_1_367' title='bbox 1036 1537 1065 1569; x_wconf 85' lang='lat'>8.</span> <span class='ocrx_word' id='word_1_368' title='bbox 1100 1539 1154 1569; x_wconf 74' lang='lat' dir='ltr'>via</span> <span class='ocrx_word' id='word_1_369' title='bbox 1171 1537 1293 1577; x_wconf 58' lang='lat' dir='ltr'>Labie„</span> <span class='ocrx_word' id='word_1_370' title='bbox 1313 1538 1404 1568; x_wconf 85' lang='lat' dir='ltr'>diese</span> <span class='ocrx_word' id='word_1_371' title='bbox 1422 1537 1532 1568; x_wconf 83' lang='lat' dir='ltr'>siihrte</span> <span class='ocrx_word' id='word_1_372' title='bbox 1550 1536 1580 1566; x_wconf 88' lang='lat' dir='ltr'>in</span> <span class='ocrx_word' id='word_1_373' title='bbox 1600 1536 1657 1566; x_wconf 87' lang='lat' dir='ltr'>das</span> 
     </span>
     <span class='ocr_line' id='line_1_57' title="bbox 992 1581 1658 1625; baseline -0.003 -12"><span class='ocrx_word' id='word_1_374' title='bbox 992 1582 1111 1614; x_wconf 84' lang='lat' dir='ltr'>Gebiet</span> <span class='ocrx_word' id='word_1_375' title='bbox 1129 1584 1188 1614; x_wconf 89' lang='lat' dir='ltr'>der</span> <span class='ocrx_word' id='word_1_376' title='bbox 1202 1583 1346 1625; x_wconf 84' lang='lat' dir='ltr'>Aequer,</span> <span class='ocrx_word' id='word_1_377' title='bbox 1366 1582 1454 1613; x_wconf 88' lang='lat' dir='ltr'>nicht</span> <span class='ocrx_word' id='word_1_378' title='bbox 1472 1582 1503 1612; x_wconf 90' lang='lat' dir='ltr'>in</span> <span class='ocrx_word' id='word_1_379' title='bbox 1523 1582 1579 1612; x_wconf 83' lang='lat' dir='ltr'>das</span> <span class='ocrx_word' id='word_1_380' title='bbox 1598 1581 1658 1612; x_wconf 86' lang='lat' dir='ltr'>der</span> 
     </span>
     <span class='ocr_line' id='line_1_58' title="bbox 990 1626 1658 1667; baseline -0.003 -9"><span class='ocrx_word' id='word_1_381' title='bbox 990 1627 1146 1665; x_wconf 85' lang='lat' dir='ltr'>Volsker,</span> <span class='ocrx_word' id='word_1_382' title='bbox 1166 1629 1196 1659; x_wconf 92' lang='lat' dir='ltr'>iu</span> <span class='ocrx_word' id='word_1_383' title='bbox 1216 1628 1288 1659; x_wconf 91' lang='lat' dir='ltr'>dem</span> <span class='ocrx_word' id='word_1_384' title='bbox 1307 1628 1358 1658; x_wconf 87' lang='lat' dir='ltr'>die</span> <span class='ocrx_word' id='word_1_385' title='bbox 1378 1627 1533 1658; x_wconf 77' lang='lat' dir='ltr'>Schlucht</span> <span class='ocrx_word' id='word_1_386' title='bbox 1549 1626 1658 1667; x_wconf 81' lang='lat' dir='ltr'>gelie-</span> 
     </span>
     <span class='ocr_line' id='line_1_59' title="bbox 991 1671 1656 1704; baseline -0.005 0"><span class='ocrx_word' id='word_1_387' title='bbox 991 1671 1058 1704; x_wconf 75' lang='lat' dir='ltr'>fert</span> <span class='ocrx_word' id='word_1_388' title='bbox 1090 1673 1160 1704; x_wconf 85' lang='lat' dir='ltr'>sein</span> <span class='ocrx_word' id='word_1_389' title='bbox 1198 1673 1271 1704; x_wconf 81' lang='lat' dir='ltr'>soll.</span> <span class='ocrx_word' id='word_1_390' title='bbox 1320 1672 1408 1703; x_wconf 86' lang='lat' dir='ltr'>Doch</span> <span class='ocrx_word' id='word_1_391' title='bbox 1441 1671 1565 1703; x_wconf 74' lang='lat' dir='ltr'>kb&#39;nnte</span> <span class='ocrx_word' id='word_1_392' title='bbox 1597 1671 1656 1702; x_wconf 86' lang='lat' dir='ltr'>das</span> 
     </span>
     <span class='ocr_line' id='line_1_60' title="bbox 991 1715 1657 1758; baseline -0.002 -10"><span class='ocrx_word' id='word_1_393' title='bbox 991 1718 1080 1748; x_wconf 87' lang='lat' dir='ltr'>Heer</span> <span class='ocrx_word' id='word_1_394' title='bbox 1109 1716 1169 1749; x_wconf 85' lang='lat' dir='ltr'>auf</span> <span class='ocrx_word' id='word_1_395' title='bbox 1190 1718 1365 1758; x_wconf 83' lang='lat' dir='ltr'>Umwegen</span> <span class='ocrx_word' id='word_1_396' title='bbox 1400 1718 1430 1748; x_wconf 92' lang='lat' dir='ltr'>in</span> <span class='ocrx_word' id='word_1_397' title='bbox 1464 1717 1522 1747; x_wconf 86' lang='lat' dir='ltr'>der</span> <span class='ocrx_word' id='word_1_398' title='bbox 1550 1715 1657 1748; x_wconf 85' lang='lat' dir='ltr'>Nacht</span> 
     </span>
     <span class='ocr_line' id='line_1_61' title="bbox 991 1761 1654 1803; baseline -0.005 -9"><span class='ocrx_word' id='word_1_399' title='bbox 991 1762 1138 1803; x_wconf 82' lang='lat' dir='ltr'>aufjene</span> <span class='ocrx_word' id='word_1_400' title='bbox 1158 1763 1292 1794; x_wconf 82' lang='lat' dir='ltr'>Strasse</span> <span class='ocrx_word' id='word_1_401' title='bbox 1319 1763 1453 1802; x_wconf 76' lang='lat' dir='ltr'>gelangt</span> <span class='ocrx_word' id='word_1_402' title='bbox 1477 1762 1564 1801; x_wconf 87' lang='lat' dir='ltr'>sein,</span> <span class='ocrx_word' id='word_1_403' title='bbox 1589 1761 1654 1800; x_wconf 77' lang='lat' dir='ltr'>vgl.</span> 
     </span>
     <span class='ocr_line' id='line_1_62' title="bbox 991 1806 1656 1849; baseline -0.006 -10"><span class='ocrx_word' id='word_1_404' title='bbox 991 1819 1018 1839; x_wconf 86' lang='lat' dir='ltr'>c.</span> <span class='ocrx_word' id='word_1_405' title='bbox 1038 1808 1095 1849; x_wconf 78' lang='lat'>42,</span> <span class='ocrx_word' id='word_1_406' title='bbox 1125 1808 1182 1845; x_wconf 81' lang='lat'>10;</span> <span class='ocrx_word' id='word_1_407' title='bbox 1207 1808 1362 1839; x_wconf 69' lang='lat' dir='ltr'>wiihrend</span> <span class='ocrx_word' id='word_1_408' title='bbox 1382 1807 1580 1848; x_wconf 80' lang='lat' dir='ltr'>Tempanius</span> <span class='ocrx_word' id='word_1_409' title='bbox 1605 1806 1656 1836; x_wconf 85' lang='lat' dir='ltr'>di—</span> 
     </span>
     <span class='ocr_line' id='line_1_63' title="bbox 991 1852 1657 1896; baseline -0.003 -13"><span class='ocrx_word' id='word_1_410' title='bbox 991 1858 1072 1891; x_wconf 81' lang='lat' dir='ltr'>rect,</span> <span class='ocrx_word' id='word_1_411' title='bbox 1087 1852 1178 1890; x_wconf 65' lang='grc'><strong>(3.31),</strong></span> <span class='ocrx_word' id='word_1_412' title='bbox 1194 1853 1223 1884; x_wconf 83' lang='lat'>9:</span> <span class='ocrx_word' id='word_1_413' title='bbox 1236 1852 1589 1896; x_wconf 57' lang='lat' dir='ltr'>proavimisitineribus</span> <span class='ocrx_word' id='word_1_414' title='bbox 1599 1861 1657 1881; x_wconf 91' lang='lat' dir='ltr'>zu-</span> 
     </span>
     <span class='ocr_line' id='line_1_64' title="bbox 991 1894 1656 1938; baseline -0.005 -9"><span class='ocrx_word' id='word_1_415' title='bbox 991 1898 1203 1929; x_wconf 83' lang='lat' dir='ltr'>riickkebrte.</span> <span class='ocrx_word' id='word_1_416' title='bbox 1218 1916 1260 1920; x_wconf 95' lang='lat'>——</span> <span class='ocrx_word' id='word_1_417' title='bbox 1277 1898 1477 1938; x_wconf 76' lang='lat' dir='ltr'>Dassanmn</span> <span class='ocrx_word' id='word_1_418' title='bbox 1494 1894 1656 1937; x_wconf 76' lang='lat' dir='ltr'>&lt;Hapelle,</span> 
     </span>
     <span class='ocr_line' id='line_1_65' title="bbox 991 1941 1653 1984; baseline -0.003 -11"><span class='ocrx_word' id='word_1_419' title='bbox 991 1941 1213 1984; x_wconf 73' lang='lat' dir='ltr'>Opferstiitte)</span> <span class='ocrx_word' id='word_1_420' title='bbox 1239 1943 1297 1973; x_wconf 86' lang='lat' dir='ltr'>der</span> <span class='ocrx_word' id='word_1_421' title='bbox 1315 1941 1415 1983; x_wconf 80' lang='lat' dir='ltr'>Quies</span> <span class='ocrx_word' id='word_1_422' title='bbox 1435 1942 1519 1972; x_wconf 88' lang='lat' dir='ltr'>kann</span> <span class='ocrx_word' id='word_1_423' title='bbox 1537 1950 1653 1980; x_wconf 80' lang='lat' dir='ltr'>wegen</span> 
     </span>
     <span class='ocr_line' id='line_1_66' title="bbox 989 1986 1654 2019; baseline -0.003 -1"><span class='ocrx_word' id='word_1_424' title='bbox 989 1999 1026 2019; x_wconf 91' lang='lat' dir='ltr'>eo</span> <span class='ocrx_word' id='word_1_425' title='bbox 1055 1989 1160 2019; x_wconf 71' lang='lat' dir='ltr'>misso</span> <span class='ocrx_word' id='word_1_426' title='bbox 1189 1992 1253 2018; x_wconf 79' lang='lat' dir='ltr'>etc.</span> <span class='ocrx_word' id='word_1_427' title='bbox 1283 1987 1372 2018; x_wconf 80' lang='lat' dir='ltr'>nicht</span> <span class='ocrx_word' id='word_1_428' title='bbox 1401 1987 1460 2017; x_wconf 80' lang='lat' dir='ltr'>der</span> <span class='ocrx_word' id='word_1_429' title='bbox 1488 1996 1549 2017; x_wconf 89' lang='lat' dir='ltr'>vor</span> <span class='ocrx_word' id='word_1_430' title='bbox 1582 1986 1654 2016; x_wconf 85' lang='lat' dir='ltr'>dem</span> 
     </span>
     <span class='ocr_line' id='line_1_67' title="bbox 989 2030 1655 2072; baseline -0.002 -10"><span class='ocrx_word' id='word_1_431' title='bbox 989 2032 1210 2063; x_wconf 80' lang='lat' dir='ltr'>Collinisehen</span> <span class='ocrx_word' id='word_1_432' title='bbox 1235 2032 1344 2063; x_wconf 79' lang='lat' dir='ltr'>&#39;shore</span> <span class='ocrx_word' id='word_1_433' title='bbox 1374 2032 1534 2072; x_wconf 82' lang='lat' dir='ltr'>gelegene</span> <span class='ocrx_word' id='word_1_434' title='bbox 1558 2030 1655 2062; x_wconf 88' lang='lat' dir='ltr'>Tem-</span> 
     </span>
     <span class='ocr_line' id='line_1_68' title="bbox 988 2074 1654 2119; baseline -0.002 -12"><span class='ocrx_word' id='word_1_435' title='bbox 988 2077 1059 2119; x_wconf 88' lang='lat' dir='ltr'>pel,</span> <span class='ocrx_word' id='word_1_436' title='bbox 1083 2078 1225 2108; x_wconf 75' lang='lat' dir='ltr'>sondern</span> <span class='ocrx_word' id='word_1_437' title='bbox 1250 2087 1339 2108; x_wconf 87' lang='lat' dir='ltr'>lnuss</span> <span class='ocrx_word' id='word_1_438' title='bbox 1364 2077 1483 2108; x_wconf 85' lang='lat' dir='ltr'>weiter</span> <span class='ocrx_word' id='word_1_439' title='bbox 1506 2074 1654 2106; x_wconf 85' lang='lat' dir='ltr'>entferut</span> 
     </span>
     <span class='ocr_line' id='line_1_69' title="bbox 987 2121 1652 2161; baseline -0.003 -8"><span class='ocrx_word' id='word_1_440' title='bbox 987 2132 1140 2161; x_wconf 79' lang='lat' dir='ltr'>gewesen</span> <span class='ocrx_word' id='word_1_441' title='bbox 1160 2123 1242 2153; x_wconf 87' lang='lat' dir='ltr'>sein.</span> <span class='ocrx_word' id='word_1_442' title='bbox 1260 2140 1303 2144; x_wconf 92' lang='lat'>——</span> <span class='ocrx_word' id='word_1_443' title='bbox 1322 2122 1407 2160; x_wconf 78' lang='lat' dir='ltr'>alia,</span> <span class='ocrx_word' id='word_1_444' title='bbox 1434 2122 1521 2152; x_wconf 85' lang='lat' dir='ltr'>nicht</span> <span class='ocrx_word' id='word_1_445' title='bbox 1544 2121 1652 2152; x_wconf 84' lang='lat' dir='ltr'>selten</span> 
     </span>
     <span class='ocr_line' id='line_1_70' title="bbox 986 2165 1651 2198; baseline -0.002 -1"><span class='ocrx_word' id='word_1_446' title='bbox 986 2167 1070 2197; x_wconf 89' lang='lat' dir='ltr'>wird</span> <span class='ocrx_word' id='word_1_447' title='bbox 1095 2168 1152 2198; x_wconf 89' lang='lat' dir='ltr'>mit</span> <span class='ocrx_word' id='word_1_448' title='bbox 1174 2167 1260 2198; x_wconf 71' lang='lat' dir='ltr'>alius</span> <span class='ocrx_word' id='word_1_449' title='bbox 1283 2167 1346 2198; x_wconf 82' lang='lat' dir='ltr'>wie</span> <span class='ocrx_word' id='word_1_450' title='bbox 1371 2167 1422 2197; x_wconf 74' lang='lat' dir='ltr'>bei</span> <span class='ocrx_word' id='word_1_451' title='bbox 1447 2166 1567 2197; x_wconf 86' lang='lat' dir='ltr'>Homer</span> <span class='ocrx_word' id='word_1_452' title='bbox 1591 2165 1651 2196; x_wconf 90' lang='lat' dir='ltr'>Od.</span> 
     </span>
     <span class='ocr_line' id='line_1_71' title="bbox 987 2207 1652 2253; baseline -0.002 -11"><span class='ocrx_word' id='word_1_453' title='bbox 987 2212 1016 2252; x_wconf 94' lang='lat'>2,</span> <span class='ocrx_word' id='word_1_454' title='bbox 1033 2212 1096 2242; x_wconf 78' lang='grc'><strong>412</strong></span> <span class='ocrx_word' id='word_1_455' title='bbox 1113 2223 1141 2243; x_wconf 93' lang='lat' dir='ltr'>u.</span> <span class='ocrx_word' id='word_1_456' title='bbox 1157 2222 1185 2243; x_wconf 88' lang='lat' dir='ltr'>a.</span> <span class='ocrx_word' id='word_1_457' title='bbox 1203 2207 1311 2247; x_wconf 65' lang='grc' dir='ltr'><em>ἄλλος</em></span> <span class='ocrx_word' id='word_1_458' title='bbox 1325 2212 1396 2243; x_wconf 89' lang='lat' dir='ltr'>eine</span> <span class='ocrx_word' id='word_1_459' title='bbox 1408 2211 1543 2253; x_wconf 85' lang='lat' dir='ltr'>Species</span> <span class='ocrx_word' id='word_1_460' title='bbox 1553 2220 1652 2250; x_wconf 84' lang='lat' dir='ltr'>ange-</span> 
     </span>
     <span class='ocr_line' id='line_1_72' title="bbox 986 2255 1651 2298; baseline -0.002 -11"><span class='ocrx_word' id='word_1_461' title='bbox 986 2255 1114 2298; x_wconf 82' lang='lat' dir='ltr'>kniipft,</span> <span class='ocrx_word' id='word_1_462' title='bbox 1132 2267 1183 2287; x_wconf 84' lang='lat' dir='ltr'>wo</span> <span class='ocrx_word' id='word_1_463' title='bbox 1202 2258 1264 2288; x_wconf 80' lang='lat' dir='ltr'>wir</span> <span class='ocrx_word' id='word_1_464' title='bbox 1280 2258 1336 2288; x_wconf 89' lang='lat' dir='ltr'>das</span> <span class='ocrx_word' id='word_1_465' title='bbox 1352 2256 1475 2295; x_wconf 82' lang='lat' dir='ltr'>Genus,</span> <span class='ocrx_word' id='word_1_466' title='bbox 1493 2256 1651 2286; x_wconf 84' lang='lat' dir='ltr'>welchem</span> 
     </span>
     <span class='ocr_line' id='line_1_73' title="bbox 987 2301 1651 2343; baseline -0.002 -11"><span class='ocrx_word' id='word_1_467' title='bbox 987 2302 1133 2333; x_wconf 85' lang='lat' dir='ltr'>dieselbe</span> <span class='ocrx_word' id='word_1_468' title='bbox 1152 2303 1327 2343; x_wconf 77' lang='lat' dir='ltr'>augehb&#39;rt,</span> <span class='ocrx_word' id='word_1_469' title='bbox 1346 2307 1523 2342; x_wconf 82' lang='lat' dir='ltr'>erwurten,</span> <span class='ocrx_word' id='word_1_470' title='bbox 1540 2301 1604 2331; x_wconf 88' lang='lat' dir='ltr'>wie</span> <span class='ocrx_word' id='word_1_471' title='bbox 1622 2310 1651 2331; x_wconf 85' lang='lat' dir='ltr'>a.</span> 
     </span>
     <span class='ocr_line' id='line_1_74' title="bbox 986 2345 1650 2388; baseline -0.002 -11"><span class='ocrx_word' id='word_1_472' title='bbox 986 2358 1018 2378; x_wconf 87' lang='lat' dir='ltr'>u.</span> <span class='ocrx_word' id='word_1_473' title='bbox 1038 2348 1103 2378; x_wconf 86' lang='lat' dir='ltr'>St.:</span> <span class='ocrx_word' id='word_1_474' title='bbox 1123 2348 1186 2378; x_wconf 88' lang='lat' dir='ltr'>und</span> <span class='ocrx_word' id='word_1_475' title='bbox 1204 2348 1326 2379; x_wconf 80' lang='lat' dir='ltr'>andere</span> <span class='ocrx_word' id='word_1_476' title='bbox 1344 2345 1650 2388; x_wconf 75' lang='lat' dir='ltr'>Transportmittel,</span> 
     </span>
     <span class='ocr_line' id='line_1_75' title="bbox 986 2390 1651 2432; baseline -0.003 -9"><span class='ocrx_word' id='word_1_477' title='bbox 986 2392 1124 2423; x_wconf 70' lang='lat' dir='ltr'>n&#39;zimlich</span> <span class='ocrx_word' id='word_1_478' title='bbox 1144 2392 1346 2432; x_wconf 86' lang='lat' dir='ltr'>Lastthiere,</span> <span class='ocrx_word' id='word_1_479' title='bbox 1366 2403 1391 2423; x_wconf 88' lang='lat' dir='ltr'>s.</span> <span class='ocrx_word' id='word_1_480' title='bbox 1411 2393 1441 2431; x_wconf 79' lang='lat'>5,</span> <span class='ocrx_word' id='word_1_481' title='bbox 1461 2391 1513 2430; x_wconf 84' lang='lat'>39,</span> <span class='ocrx_word' id='word_1_482' title='bbox 1533 2390 1569 2422; x_wconf 90' lang='lat'>3:</span> <span class='ocrx_word' id='word_1_483' title='bbox 1587 2401 1651 2422; x_wconf 69' lang='lat' dir='ltr'>esc-</span> 
     </span>
     <span class='ocr_line' id='line_1_76' title="bbox 981 2437 1652 2480; baseline -0.003 -12"><span class='ocrx_word' id='word_1_484' title='bbox 981 2437 1215 2480; x_wconf 72' lang='lat' dir='ltr'>ploralorz&#39;bus</span> <span class='ocrx_word' id='word_1_485' title='bbox 1245 2440 1359 2469; x_wconf 75' lang='lat' dir='ltr'>missis</span> <span class='ocrx_word' id='word_1_486' title='bbox 1393 2439 1482 2468; x_wconf 72' lang='lat' dir='ltr'>eirea</span> <span class='ocrx_word' id='word_1_487' title='bbox 1519 2437 1652 2467; x_wconf 75' lang='lat' dir='ltr'>moenia</span> 
     </span>
     <span class='ocr_line' id='line_1_77' title="bbox 985 2480 1648 2526; baseline -0.002 -13"><span class='ocrx_word' id='word_1_488' title='bbox 985 2482 1135 2524; x_wconf 77' lang='lat' dir='ltr'>aliasque</span> <span class='ocrx_word' id='word_1_489' title='bbox 1157 2485 1294 2526; x_wconf 51' lang='lat' dir='ltr'>portam</span> <span class='ocrx_word' id='word_1_490' title='bbox 1326 2482 1379 2523; x_wconf 83' lang='lat'>25,</span> <span class='ocrx_word' id='word_1_491' title='bbox 1412 2481 1461 2519; x_wconf 89' lang='lat'>13,</span> <span class='ocrx_word' id='word_1_492' title='bbox 1497 2481 1551 2512; x_wconf 81' lang='lat'>10:</span> <span class='ocrx_word' id='word_1_493' title='bbox 1582 2480 1648 2512; x_wconf 70' lang='lat' dir='ltr'>duo</span> 
     </span>
     <span class='ocr_line' id='line_1_78' title="bbox 984 2526 1651 2570; baseline -0.003 -12"><span class='ocrx_word' id='word_1_494' title='bbox 984 2528 1077 2559; x_wconf 73' lang='lat' dir='ltr'>milla</span> <span class='ocrx_word' id='word_1_495' title='bbox 1109 2528 1360 2570; x_wconf 77' lang='lat' dir='ltr'>plaustrorum,</span> <span class='ocrx_word' id='word_1_496' title='bbox 1395 2526 1601 2558; x_wconf 71' lang='lat' dir='ltr'>inconditam</span> <span class='ocrx_word' id='word_1_497' title='bbox 1629 2543 1651 2547; x_wconf 91' lang='lat'>-</span> 
     </span>
     <span class='ocr_line' id='line_1_79' title="bbox 985 2569 1647 2613; baseline -0.006 -9"><span class='ocrx_word' id='word_1_498' title='bbox 985 2572 1086 2604; x_wconf 82' lang='lat' dir='ltr'>aliam</span> <span class='ocrx_word' id='word_1_499' title='bbox 1105 2574 1257 2607; x_wconf 76' lang='lat' dir='ltr'>turham:</span> <span class='ocrx_word' id='word_1_500' title='bbox 1280 2572 1312 2613; x_wconf 86' lang='lat'>1,</span> <span class='ocrx_word' id='word_1_501' title='bbox 1332 2571 1391 2609; x_wconf 88' lang='lat'>20,</span> <span class='ocrx_word' id='word_1_502' title='bbox 1411 2571 1450 2609; x_wconf 80' lang='lat'>33</span> <span class='ocrx_word' id='word_1_503' title='bbox 1469 2570 1529 2610; x_wconf 89' lang='lat'>21,</span> <span class='ocrx_word' id='word_1_504' title='bbox 1552 2569 1588 2608; x_wconf 91' lang='lat'>2,</span> <span class='ocrx_word' id='word_1_505' title='bbox 1607 2570 1647 2608; x_wconf 79' lang='lat'>43</span> 
     </span>
     <span class='ocr_line' id='line_1_80' title="bbox 985 2613 1649 2660; baseline -0.006 -12"><span class='ocrx_word' id='word_1_506' title='bbox 985 2617 1027 2649; x_wconf 78' lang='lat' dir='ltr'>ih.</span> <span class='ocrx_word' id='word_1_507' title='bbox 1056 2618 1114 2659; x_wconf 87' lang='lat'>27,</span> <span class='ocrx_word' id='word_1_508' title='bbox 1149 2619 1185 2657; x_wconf 83' lang='lat'>53</span> <span class='ocrx_word' id='word_1_509' title='bbox 1218 2618 1276 2660; x_wconf 79' lang='lat'>46,</span> <span class='ocrx_word' id='word_1_510' title='bbox 1306 2617 1343 2656; x_wconf 78' lang='lat'>93</span> <span class='ocrx_word' id='word_1_511' title='bbox 1376 2616 1478 2656; x_wconf 85' lang='lat' dir='ltr'>Verg.</span> <span class='ocrx_word' id='word_1_512' title='bbox 1503 2615 1586 2646; x_wconf 84' lang='lat' dir='ltr'>Aen.</span> <span class='ocrx_word' id='word_1_513' title='bbox 1619 2613 1649 2653; x_wconf 83' lang='lat'>6,</span> 
     </span>
    </p>
   </div>
  </div>
 </body>
</html>
