1698 2864
216 214 268 254 52
713 212 840 246 LIBER
865 212 919 247 III.
954 213 1048 246 CAP.
1066 214 1120 247 26.
1458 229 1490 247 a,
1507 229 1535 248 u.
1556 222 1618 248 296,

213 315 260 354 ad
288 314 442 354 moenia
470 314 577 354 urbis
606 314 742 356 infesta
769 316 1021 368 populatione
1050 316 1171 365 venit3
1201 315 1345 356 foedati
1373 315 1471 367 agri,
1494 320 1620 354 terror

213 370 376 411 iniectus
401 371 486 410 urbi
515 377 585 411 est.
626 376 708 411 tum
737 373 844 424 plebs
866 373 1030 423 benigne
1052 384 1156 412 arma
1180 373 1297 424 cepit,
1319 371 1618 412 reclamantibus

212 427 358 467 frustra
385 428 552 468 tribunis
589 429 718 480 magni
746 430 822 468 duo
851 430 1042 468 exercitus
1072 430 1217 481 scripti.
1272 429 1431 469 alterum
1460 428 1620 468 Nautius

214 489 350 525 contra
365 485 530 525 Sabinos
548 485 667 533 duxit,
691 486 906 537 castrisque
923 486 968 525 ad
986 486 1144 525 Eretum
1162 486 1302 537 positis
1320 498 1389 538 per
1405 485 1619 537 expeditio-

212 553 282 581 nes
311 554 468 593 parvas,
492 543 720 594 plerumque
740 542 945 582 nocturnis
966 542 1276 590 incursionibus,
1297 547 1442 582 tantam
1465 542 1620 581 vastita-

213 603 291 638 tem
312 599 352 638 in
375 599 521 639 Sabino
551 611 642 650 agro
664 599 849 646 reddidit,
877 604 920 638 ut
949 600 1149 650 conparati
1170 600 1216 638 ad
1239 612 1322 639 eam
1344 612 1468 651 prope
1488 599 1619 638 intacti

212 654 310 695 bello
338 656 434 695 fines
462 655 629 695 Romani
657 655 889 695 viderentur.
936 655 1104 695 Minucio
1133 663 1262 707 neque
1284 656 1440 695 fortuna
1467 667 1538 694 nec
1563 656 1619 694 vis

212 712 330 752 animi
361 713 494 753 eadem
522 712 561 750 in
590 712 758 763 gerendo
781 713 936 763 negotio
957 713 1048 752 fuit:
1071 725 1159 751 nam
1183 725 1270 752 cum
1293 713 1395 751 haud
1417 711 1553 763 procul
1574 711 1619 750 ab

212 769 326 808 hoste
365 774 488 809 castra
522 769 742 819 posuisset,
770 770 871 808 nulla
900 782 1138 821 magnopere
1166 770 1271 809 clade
1300 773 1454 820 accepta
1482 768 1620 807 castris

214 838 255 864 se
282 825 444 877 pavidus
473 825 638 865 tenebat.
680 826 784 878 quod
807 826 873 865 ubi
895 831 1098 865 senserant
1119 827 1271 873 hostes,
1296 825 1411 865 crevit
1440 837 1484 864 ex
1512 830 1620 864 metu

212 882 349 930 alieno,
370 887 413 922 ut
433 882 486 927 fit,
510 883 680 930 audacia,
702 888 739 922 et
760 888 873 922 nocte
890 883 1014 922 adorti
1032 889 1166 928 castra,
1184 887 1394 935 postquam
1412 893 1548 932 parum
1564 882 1619 921 vis

213 943 343 990 aperta
382 939 619 990 profecerat,
653 939 892 979 munitiones
927 945 1086 991 postero
1123 940 1183 979 die
1220 939 1470 979 circumdant.
1525 950 1620 989 quae

212 995 441 1047 priusquam
482 996 653 1047 undique
687 997 781 1035 vallo
817 997 987 1036 obiectae
1025 997 1244 1035 clauderent
1281 996 1422 1042 exitus,
1451 995 1620 1046 quinque

212 1052 358 1104 equites
376 1052 477 1092 inter
493 1053 679 1092 stationes
699 1053 871 1093 hostium
890 1053 1025 1092 emissi
1037 1054 1201 1092 Romam
1215 1053 1405 1104 pertulere
1419 1052 1619 1091 consulem

213 1109 500 1161 exercitumque
519 1109 700 1149 obsideri.
732 1110 827 1149 nihil
842 1114 920 1150 tam
939 1110 1182 1161 inopinatum
1198 1114 1362 1148 nectam
1379 1109 1619 1160 insperatum

172 1181 185 1192 ·
213 1166 384 1206 accidere
400 1166 538 1217 potuit.
569 1166 696 1218 itaque
712 1171 843 1206 tantus
860 1179 993 1218 pavor,
1015 1172 1120 1206 tanta
1142 1166 1346 1217 trepidatio
1371 1165 1455 1212 fuit,
1478 1169 1619 1216 quanta

215 1223 246 1262 si
277 1222 425 1270 urbem,
448 1235 530 1262 non
552 1228 677 1262 castra
698 1224 833 1262 hostes
857 1223 1090 1262 obsiderent.
1132 1223 1313 1262 Nautium
1336 1222 1536 1261 consulem
1556 1233 1619 1261 ar-

215 1283 384 1319 cessunt.
424 1279 464 1318 in
492 1292 567 1331 quo
599 1292 686 1319 cum
715 1292 852 1331 parum
880 1280 1062 1331 praesidii
1089 1279 1293 1325 videretur,
1317 1278 1620 1329 dictatoremque

213 1336 286 1375 dici
307 1336 494 1387 placeret,
525 1336 588 1387 qui
616 1349 697 1375 rem
728 1336 945 1388 perculsam
966 1336 1203 1384 restitueret,
1235 1336 1276 1375 L.
1301 1334 1505 1382 Quinctius
1528 1334 1617 1374 Cin«

213 1392 389 1432 cinnatus
412 1405 606 1432 consensu
626 1393 802 1433 omnium
825 1393 974 1433 dicitur.

326 1449 475 1502 Operae
497 1449 664 1502 pretium
687 1455 746 1489 est
765 1450 916 1499 audire,
939 1449 1003 1501 qui
1026 1449 1156 1489 omnia
1178 1461 1271 1500 prae
1288 1447 1428 1487 divitiis
1451 1447 1619 1487 humana

951 1573 1061 1605 quam,
1077 1562 1137 1593 wie
1156 1562 1197 1592 im
1213 1560 1328 1601 Folg.;
1346 1571 1375 1591 e.
1389 1559 1442 1601 23,
1467 1559 1504 1599 63
1527 1559 1582 1600 44,
1599 1559 1620 1591 4

950 1618 981 1639 u.
1000 1618 1047 1641 a.:
1074 1617 1112 1638 an
1131 1618 1162 1638 u.
1182 1606 1230 1637 St.
1250 1606 1353 1638 haben
1373 1606 1423 1636 die
1444 1605 1518 1637 Hss.
1541 1616 1619 1636 sen-

949 1655 1078 1685 serant.
1096 1672 1139 1675 —
1156 1652 1262 1683 alieno
1280 1652 1310 1683 d.
1327 1651 1356 1682 h.
1373 1651 1533 1690 hostium,
1551 1649 1622 1682 Ro-

210 1562 314 1594 denen
344 1562 412 1594 sich
441 1563 492 1594 die
516 1562 708 1594 westlichen
732 1561 879 1594 Volsker

209 1611 367 1648 getrennt
379 1607 493 1648 haben,
512 1619 537 1640 s.
554 1619 581 1640 c.
596 1608 649 1648 24,
670 1608 720 1648 10,
735 1608 878 1640 verbiin-

210 1654 278 1684 det.
294 1654 420 1695 —1‘nf.
443 1664 541 1696 pop.‚
565 1653 629 1685 abl.
654 1654 755 1684 modi:
779 1658 877 1684 unter

209 1709 242 1730 u.
260 1708 288 1730 s.
305 1708 347 1730 w.
371 1699 566 1741 —J'oedati
580 1698 717 1740 :foede
741 1700 878 1730 vastati.

209 1761 253 1766 —-
269 1746 388 1776 contra
402 1742 493 1782 Sab„
511 1744 562 1776 die
577 1754 603 1775 c.
619 1743 673 1785 25,
691 1743 709 1775 9
725 1745 879 1775 erwiihn-

210 1793 266 1820 ten
297 1788 495 1821 Beschliisse
529 1790 601 1821 sind
630 1789 804 1830 geandert.
834 1808 879 1812 —

209 1833 367 1875 ErEtum,
392 1835 473 1866 nach
491 1834 626 1867 Norden
645 1845 709 1866 von
728 1834 808 1866 Rom
826 1835 878 1866 die

209 1879 346 1911 n‘zichste
376 1880 560 1912 sabinische
590 1880 704 1921 stadt,
734 1890 785 1911 wo
809 1880 878 1911 sich

210 1925 324 1967 spiiter
346 1925 397 1956 die
421 1926 476 1957 via
499 1925 707 1958 Nomentana
731 1926 795 1957 und
819 1925 880 1957 Sa-

210 1970 294 2002 laria
312 1971 532 2011 vereinigten,
551 1971 702 2012 gelegen.
737 1971 803 2002 Das
822 1973 879 2002 ro-

209 2015 332 2047 mische
357 2015 477 2048 Gebiet
499 2017 555 2048 hat
578 2017 646 2048 sich
670 2016 740 2047 also
767 2016 830 2047 seit
850 2016 879 2056 1,

210 2059 252 2091 38
271 2061 352 2092 nach
369 2060 503 2093 Norden
527 2062 617 2093 nicht
633 2061 817 2093 erweitert.
833 2078 879 2084 —

209 2105 362 2146 adeam,
387 2105 444 2147 38,
476 2106 536 2145 21,
566 2107 602 2139 4:
631 2109 730 2139 scuta
758 2106 876 2148 longa,

209 2152 358 2183 ceterum
380 2150 426 2183 ad
439 2151 698 2194 amplitudinem
722 2152 877 2195 corporis

207 2206 332 2239 parum
353 2196 439 2236 lata,
465 2196 525 2237 22,
550 2196 609 2238 22,
636 2196 674 2228 15
699 2207 730 2228 u.
752 2207 801 2236 a.‚
824 2206 877 2227 um

209 2241 262 2273 die
285 2240 555 2282 Uniihnlichkeit‚
582 2241 878 2274 Verschiedenheit

210 2287 414 2327 anzugeben.

256 2331 346 2364 3-6.
371 2331 463 2364 nulla
485 2343 542 2372 m.,
566 2332 655 2363 nicht
677 2332 798 2372 gerade
820 2332 876 2363 be-

210 2377 366 2418 deutend,
385 2388 411 2409 s.
431 2389 458 2409 c.
479 2376 531 2419 65,
548 2376 585 2416 23
604 2377 655 2418 40,
675 2377 728 2418 50,
753 2377 783 2418 3,
808 2377 876 2417 vgl.

212 2423 242 2462 1,
262 2422 314 2464 17,
335 2422 363 2454 1.
379 2441 425 2446 —
440 2423 498 2455 ubi
517 2433 656 2463 sereser„
679 2422 717 2455 L.
741 2422 878 2454 braucht

209 2468 270 2500 ubi
282 2469 342 2500 mit
359 2468 431 2500 dem
448 2466 608 2510 plusqprf.
623 2468 715 2499 mehr
732 2467 784 2499 bei
799 2468 878 2499 wie-

210 2513 384 2546 derholten
401 2513 627 2554 Handlungen,
652 2523 679 2544 s.
704 2513 736 2553 2,
761 2512 815 2553 48,
839 2512 876 2552 63

210 2558 265 2598 44,
283 2559 313 2601 5,
331 2558 369 2597 2,·
388 2559 537 2591 seltener
554 2559 607 2591 bei
624 2558 830 2599 einmaligen,
851 2569 878 2590 s.

212 2602 266 2645 23,
285 2604 339 2645 27,
357 2603 388 2645 3,
406 2605 474 2646 vgl.
494 2604 523 2644 1,
547 2604 578 2645 9,
606 2603 663 2643 1ος
688 2603 742 2647 25,
765 2603 818 2645 36,
847 2604 878 2645 7,

210 2648 334 2682 ebenso
348 2652 394 2693 ut,
408 2660 435 2682 s.
445 2649 562 2692 21,47,
575 2648 612 2689 3;
628 2650 878 2693 h‘aufigerpost-

950 1709 1140 1730 manorum.
1159 1716 1203 1720 —
1219 1700 1354 1740 insper„
1373 1697 1447 1727 eine
1466 1706 1533 1728 vox
1550 1705 1621 1727 me-

950 1745 1013 1786 dia,
1030 1744 1092 1775 wie
1112 1753 1262 1786 sperare.
1276 1760 1320 1764 —
1334 1744 1460 1783 quanta
1476 1752 1506 1774 n.
1520 1743 1620 1780 esset,

952 1790 1002 1821 od.
1020 1800 1095 1821 esse
1109 1790 1229 1832 potuit,
1248 1798 1273 1819 s.
1289 1787 1320 1827 4,
1340 1786 1390 1824 53,
1412 1786 1473 1818 13:
1492 1786 1546 1826 22,
1564 1786 1619 1826 44,

952 1835 990 1874 73
1014 1835 1057 1866 ib.
1082 1834 1134 1873 43,
1160 1833 1197 1866 8:
1223 1832 1276 1873 26,
1302 1832 1355 1874 27,
1379 1832 1416 1869 ὃς
1440 1831 1495 1872 30,
1519 1831 1572 1872 35,
1599 1831 1618 1862 9

952 1891 982 1912 u.
1003 1890 1033 1911 a.
1058 1899 1098 1902 —
1128 1879 1347 1918 restitueret,
1372 1888 1399 1909 c.
1429 1876 1489 1918 20,
1518 1876 1547 1909 1.
1575 1894 1620 1899 —

954 1925 1140 1965 Quinctius,
1160 1934 1187 1955 c.
1205 1923 1255 1954 19.
1269 1941 1314 1945 -
1327 1932 1502 1961 consensu,
1521 1921 1551 1960 2,
1568 1920 1620 1960 18,

952 1971 990 2009 53
1006 1970 1038 2010 4,
1057 1969 1111 2010 51,
1130 1968 1164 1999 3:
1184 1968 1260 2000 ΑΗΘ
1278 1968 1428 2008 billigten
1447 1968 1498 1999 die
1519 1966 1620 1998 Wahl

950 2015 1008 2047 des
1027 2015 1206 2053 Dictators,
1231 2014 1312 2045 auch
1330 2013 1381 2044 die
1401 2012 1500 2044 Plebs
1517 2011 1538 2054 ξ
1559 2011 1617 2051 123

950 2060 1096 2100 obgleich
1132 2060 1221 2091 diese
1251 2058 1341 2090 nicht
1370 2059 1453 2090 ohne
1477 2057 1619 2097 Furcht3

948 2106 1069 2137 anders
1089 2104 1119 2145 7,
1138 2104 1168 2144 6,
1190 2103 1241 2136 12.

996 2151 1025 2183 7.
1053 2160 1173 2193 operae
1188 2160 1255 2193 pr.‚
1274 2159 1300 2182 S.
1319 2147 1422 2191 praef.
1444 2148 1471 2180 1.
1490 2147 1569 2179 Hor.
1584 2147 1619 2180 S.

954 2196 981 2235 1,
1000 2195 1031 2236 2,
1050 2195 1109 2229 37:
1129 2195 1253 2226 Ennius
1269 2194 1385 2226 Annal.
1401 2193 1443 2226 V.
1456 2193 1537 2225 454:
1555 2203 1618 2225 au-

949 2241 1022 2273 dire
1046 2243 1097 2272 est
1121 2251 1243 2284 operae
1268 2242 1416 2282 pretium
1437 2238 1619 2283 procedere

949 2289 1040 2319 recte
1067 2287 1125 2328 qui
1154 2296 1225 2318 rem
1248 2285 1437 2318 Romanam
1460 2303 1482 2307 -
1504 2284 1617 2316 vultis.

949 2351 991 2355 —
1015 2331 1134 2363 audire
1158 2342 1188 2362 n.
1215 2342 1289 2363 eos:
1313 2329 1534 2362 aufmerksam
1557 2330 1617 2360 ho·-

949 2388 1020 2417 ren,
1030 2377 1092 2408 wie
1107 2377 1137 2408 in
1151 2377 1210 2408 der
1218 2375 1618 2417 Conversationssprache

949 2423 1032 2454 audi
1059 2422 1240 2462 gebraucbt
1268 2421 1363 2452 wird.
1410 2421 1474 2452 Das
1499 2419 1618 2461 Object

949 2468 1030 2508 liegt
1057 2468 1088 2499 in
1118 2468 1177 2499 der
1205 2465 1392 2507 folgenden,
1421 2467 1479 2497 des
1506 2465 1619 2497 Nach-

950 2513 1071 2544 drucks
1121 2523 1234 2552 wegen
1288 2511 1512 2551 unabhiingig,
1560 2510 1619 2542 mit

951 2558 1130 2590 schnellem
1155 2557 1352 2597 Uebergang
1373 2556 1404 2587 in
1429 2556 1534 2587 oratio
1565 2565 1619 2587 re-

952 2608 1022 2644 cta,
1059 2603 1299 2644 dargestellten
1338 2601 1539 2641 Erziihlung.
1573 2619 1617 2624 —

948 2660 1043 2693 prae,
1065 2649 1091 2690 1,
1117 2648 1147 2681 6.
1172 2648 1204 2680 3.
1227 2667 1271 2672 —
1294 2649 1437 2689 effusae,
1462 2657 1487 2678 s.
1512 2644 1615 2689 praef.
