<?xml version="1.0" encoding="UTF-8"?>
<!DOCTYPE html PUBLIC "-//W3C//DTD XHTML 1.0 Transitional//EN"
    "http://www.w3.org/TR/xhtml1/DTD/xhtml1-transitional.dtd">
<html xmlns="http://www.w3.org/1999/xhtml" xml:lang="en" lang="en">
 <head>
  <title>
</title>
<meta http-equiv="Content-Type" content="text/html;charset=utf-8" />
  <meta name='ocr-system' content='tesseract 3.04.00' />
  <meta name='ocr-capabilities' content='ocr_page ocr_carea ocr_par ocr_line ocrx_word'/>
</head>
<body>
  <div class='ocr_page' id='page_1' title='image "./aburbeconditalib0102livyuoft_0622.png"; bbox 0 0 1698 2864; ppageno 0'>
   <div class='ocr_carea' id='block_1_1' title="bbox 143 1440 182 1471">
    <p class='ocr_par' dir='ltr' id='par_1_1' title="bbox 143 1440 182 1471">
     <span class='ocr_line' id='line_1_1' title="bbox 143 1440 182 1471; baseline -0.026 0"><span class='ocrx_word' id='word_1_1' title='bbox 143 1440 182 1471; x_wconf 83' lang='lat'>10</span> 
     </span>
    </p>
   </div>
   <div class='ocr_carea' id='block_1_2' title="bbox 212 200 1154 240">
    <p class='ocr_par' dir='ltr' id='par_1_2' title="bbox 212 200 1154 240">
     <span class='ocr_line' id='line_1_2' title="bbox 212 200 1154 240; baseline 0.003 -8"><span class='ocrx_word' id='word_1_2' title='bbox 212 201 265 240; x_wconf 80' lang='lat'>92</span> <span class='ocrx_word' id='word_1_3' title='bbox 662 200 789 234; x_wconf 87' lang='lat' dir='ltr'><strong>LIBER</strong></span> <span class='ocrx_word' id='word_1_4' title='bbox 813 200 879 235; x_wconf 62' lang='lat'>111:</span> <span class='ocrx_word' id='word_1_5' title='bbox 915 201 1008 235; x_wconf 82' lang='lat' dir='ltr'><strong>CAP.</strong></span> <span class='ocrx_word' id='word_1_6' title='bbox 1027 202 1081 235; x_wconf 83' lang='lat'>46.</span> <span class='ocrx_word' id='word_1_7' title='bbox 1098 203 1154 235; x_wconf 84' lang='lat'>47.</span> 
     </span>
    </p>
   </div>
   <div class='ocr_carea' id='block_1_3' title="bbox 1428 212 1618 253">
    <p class='ocr_par' dir='ltr' id='par_1_3' title="bbox 1428 212 1618 253">
     <span class='ocr_line' id='line_1_3' title="bbox 1428 212 1618 253; baseline 0.016 -18"><span class='ocrx_word' id='word_1_8' title='bbox 1428 239 1443 253; x_wconf 62' lang='lat'><strong>·</strong></span> <span class='ocrx_word' id='word_1_9' title='bbox 1459 218 1485 236; x_wconf 84' lang='lat' dir='ltr'>a.</span> <span class='ocrx_word' id='word_1_10' title='bbox 1507 218 1535 237; x_wconf 87' lang='lat' dir='ltr'>u.</span> <span class='ocrx_word' id='word_1_11' title='bbox 1556 212 1618 238; x_wconf 89' lang='grc'>305.</span> 
     </span>
    </p>
   </div>
   <div class='ocr_carea' id='block_1_4' title="bbox 209 302 1672 1821">
    <p class='ocr_par' dir='ltr' id='par_1_4' title="bbox 210 302 1672 1640">
     <span class='ocr_line' id='line_1_4' title="bbox 212 302 1672 355; baseline 0.001 -14"><span class='ocrx_word' id='word_1_12' title='bbox 212 302 285 341; x_wconf 89' lang='lat' dir='ltr'>nisi</span> <span class='ocrx_word' id='word_1_13' title='bbox 308 308 416 355; x_wconf 86' lang='lat' dir='ltr'>pater</span> <span class='ocrx_word' id='word_1_14' title='bbox 437 308 596 354; x_wconf 89' lang='lat' dir='ltr'>postero</span> <span class='ocrx_word' id='word_1_15' title='bbox 619 303 678 342; x_wconf 88' lang='lat' dir='ltr'>die</span> <span class='ocrx_word' id='word_1_16' title='bbox 699 304 897 351; x_wconf 85' lang='lat' dir='ltr'><strong>adfuisset,</strong></span> <span class='ocrx_word' id='word_1_17' title='bbox 920 304 1145 343; x_wconf 85' lang='lat' dir='ltr'>denuntiare</span> <span class='ocrx_word' id='word_1_18' title='bbox 1166 318 1208 343; x_wconf 92' lang='lat' dir='ltr'>se</span> <span class='ocrx_word' id='word_1_19' title='bbox 1228 304 1333 344; x_wconf 91' lang='lat' dir='ltr'>Icilio</span> <span class='ocrx_word' id='word_1_20' title='bbox 1352 304 1620 355; x_wconf 83' lang='lat' dir='ltr'>similibusque</span> <span class='ocrx_word' id='word_1_21' title='bbox 1669 331 1672 333; x_wconf 18' lang='grc' dir='ltr'><strong>Δ</strong></span> 
     </span>
     <span class='ocr_line' id='line_1_5' title="bbox 212 359 1619 412; baseline 0.001 -14"><span class='ocrx_word' id='word_1_22' title='bbox 212 359 322 407; x_wconf 90' lang='lat' dir='ltr'>Icilii,</span> <span class='ocrx_word' id='word_1_23' title='bbox 349 372 473 411; x_wconf 91' lang='lat' dir='ltr'>neque</span> <span class='ocrx_word' id='word_1_24' title='bbox 493 360 565 410; x_wconf 84' lang='lat' dir='ltr'>legi</span> <span class='ocrx_word' id='word_1_25' title='bbox 593 373 683 399; x_wconf 91' lang='lat' dir='ltr'>suae</span> <span class='ocrx_word' id='word_1_26' title='bbox 704 361 866 400; x_wconf 89' lang='lat' dir='ltr'>latorem</span> <span class='ocrx_word' id='word_1_27' title='bbox 887 373 1012 412; x_wconf 89' lang='lat' dir='ltr'>neque</span> <span class='ocrx_word' id='word_1_28' title='bbox 1033 361 1248 400; x_wconf 88' lang='lat' dir='ltr'>decemviro</span> <span class='ocrx_word' id='word_1_29' title='bbox 1272 361 1529 400; x_wconf 83' lang='lat' dir='ltr'>constantiam</span> <span class='ocrx_word' id='word_1_30' title='bbox 1551 361 1619 399; x_wconf 89' lang='lat' dir='ltr'>de-</span> 
     </span>
     <span class='ocr_line' id='line_1_6' title="bbox 211 417 1618 468; baseline 0.001 -14"><span class='ocrx_word' id='word_1_31' title='bbox 211 417 315 463; x_wconf 79' lang='lat' dir='ltr'>fore3</span> <span class='ocrx_word' id='word_1_32' title='bbox 343 429 414 457; x_wconf 82' lang='lat' dir='ltr'>nec</span> <span class='ocrx_word' id='word_1_33' title='bbox 442 429 484 455; x_wconf 89' lang='lat' dir='ltr'>se</span> <span class='ocrx_word' id='word_1_34' title='bbox 510 417 640 468; x_wconf 88' lang='lat' dir='ltr'>utique</span> <span class='ocrx_word' id='word_1_35' title='bbox 668 417 897 468; x_wconf 85' lang='lat' dir='ltr'>collegarum</span> <span class='ocrx_word' id='word_1_36' title='bbox 929 418 1083 456; x_wconf 79' lang='lat' dir='ltr'>lictores</span> <span class='ocrx_word' id='word_1_37' title='bbox 1112 422 1413 457; x_wconf 88' lang='lat' dir='ltr'>convocaturum</span> <span class='ocrx_word' id='word_1_38' title='bbox 1437 418 1482 456; x_wconf 88' lang='lat' dir='ltr'>ad</span> <span class='ocrx_word' id='word_1_39' title='bbox 1507 430 1618 455; x_wconf 89' lang='lat' dir='ltr'>coer—</span> 
     </span>
     <span class='ocr_line' id='line_1_7' title="bbox 214 473 1617 521; baseline 0 -10"><span class='ocrx_word' id='word_1_40' title='bbox 214 473 358 512; x_wconf 87' lang='lat' dir='ltr'>cendos</span> <span class='ocrx_word' id='word_1_41' title='bbox 389 473 590 512; x_wconf 80' lang='lat' dir='ltr'>seditionis</span> <span class='ocrx_word' id='word_1_42' title='bbox 625 479 823 521; x_wconf 84' lang='lat' dir='ltr'>auctores;</span> <span class='ocrx_word' id='word_1_43' title='bbox 852 479 1079 513; x_wconf 88' lang='lat' dir='ltr'>contentum</span> <span class='ocrx_word' id='word_1_44' title='bbox 1110 488 1152 513; x_wconf 88' lang='lat' dir='ltr'>se</span> <span class='ocrx_word' id='word_1_45' title='bbox 1184 474 1265 513; x_wconf 87' lang='lat' dir='ltr'>suis</span> <span class='ocrx_word' id='word_1_46' title='bbox 1294 474 1491 513; x_wconf 87' lang='lat' dir='ltr'>lictoribus</span> <span class='ocrx_word' id='word_1_47' title='bbox 1521 474 1617 512; x_wconf 90' lang='lat' dir='ltr'>fore.</span> 
     </span>
     <span class='ocr_line' id='line_1_8' title="bbox 213 529 1617 581; baseline 0.001 -14"><span class='ocrx_word' id='word_1_48' title='bbox 213 537 300 568; x_wconf 88' lang='lat' dir='ltr'>cum</span> <span class='ocrx_word' id='word_1_49' title='bbox 337 529 493 569; x_wconf 88' lang='lat' dir='ltr'>dilatum</span> <span class='ocrx_word' id='word_1_50' title='bbox 530 535 686 581; x_wconf 89' lang='lat' dir='ltr'>tempus</span> <span class='ocrx_word' id='word_1_51' title='bbox 728 530 888 569; x_wconf 89' lang='lat' dir='ltr'>iniuriae</span> <span class='ocrx_word' id='word_1_52' title='bbox 923 536 1043 576; x_wconf 86' lang='lat' dir='ltr'>esset,</span> <span class='ocrx_word' id='word_1_53' title='bbox 1079 531 1412 581; x_wconf 86' lang='lat' dir='ltr'>secessissentque</span> <span class='ocrx_word' id='word_1_54' title='bbox 1446 531 1617 569; x_wconf 87' lang='lat' dir='ltr'>advocati</span> 
     </span>
     <span class='ocr_line' id='line_1_9' title="bbox 212 586 1620 638; baseline 0.001 -14"><span class='ocrx_word' id='word_1_55' title='bbox 212 586 379 636; x_wconf 89' lang='lat' dir='ltr'>puellae,</span> <span class='ocrx_word' id='word_1_56' title='bbox 409 586 552 636; x_wconf 75' lang='lat' dir='ltr'>placuit</span> <span class='ocrx_word' id='word_1_57' title='bbox 579 587 754 625; x_wconf 88' lang='lat' dir='ltr'>omnium</span> <span class='ocrx_word' id='word_1_58' title='bbox 778 587 947 637; x_wconf 90' lang='lat' dir='ltr'>primum</span> <span class='ocrx_word' id='word_1_59' title='bbox 970 588 1128 626; x_wconf 88' lang='lat' dir='ltr'>fratrem</span> <span class='ocrx_word' id='word_1_60' title='bbox 1149 587 1242 626; x_wconf 89' lang='lat' dir='ltr'>Icilii</span> <span class='ocrx_word' id='word_1_61' title='bbox 1264 588 1460 638; x_wconf 87' lang='lat' dir='ltr'>filiumque</span> <span class='ocrx_word' id='word_1_62' title='bbox 1481 587 1620 625; x_wconf 92' lang='lat' dir='ltr'>Numi-</span> 
     </span>
     <span class='ocr_line' id='line_1_10' title="bbox 211 642 1618 694; baseline 0 -13"><span class='ocrx_word' id='word_1_63' title='bbox 211 643 314 687; x_wconf 88' lang='lat' dir='ltr'>torii‚</span> <span class='ocrx_word' id='word_1_64' title='bbox 335 643 510 693; x_wconf 88' lang='lat' dir='ltr'>inpigros</span> <span class='ocrx_word' id='word_1_65' title='bbox 531 642 700 688; x_wconf 76' lang='lat' dir='ltr'>iuvenes,</span> <span class='ocrx_word' id='word_1_66' title='bbox 725 655 884 693; x_wconf 83' lang='lat' dir='ltr'>pergere</span> <span class='ocrx_word' id='word_1_67' title='bbox 905 644 993 682; x_wconf 87' lang='lat' dir='ltr'>inde</span> <span class='ocrx_word' id='word_1_68' title='bbox 1009 648 1111 682; x_wconf 86' lang='lat' dir='ltr'>recta</span> <span class='ocrx_word' id='word_1_69' title='bbox 1127 644 1171 682; x_wconf 86' lang='lat' dir='ltr'>ad</span> <span class='ocrx_word' id='word_1_70' title='bbox 1191 648 1358 694; x_wconf 87' lang='lat' dir='ltr'>portam,</span> <span class='ocrx_word' id='word_1_71' title='bbox 1379 648 1416 681; x_wconf 86' lang='lat' dir='ltr'>et</span> <span class='ocrx_word' id='word_1_72' title='bbox 1432 647 1618 692; x_wconf 88' lang='lat' dir='ltr'>quantum</span> 
     </span>
     <span class='ocr_line' id='line_1_11' title="bbox 212 698 1620 750; baseline -0.001 -13"><span class='ocrx_word' id='word_1_73' title='bbox 212 699 414 737; x_wconf 85' lang='lat' dir='ltr'>accelerari</span> <span class='ocrx_word' id='word_1_74' title='bbox 441 703 592 749; x_wconf 83' lang='lat' dir='ltr'>posset,</span> <span class='ocrx_word' id='word_1_75' title='bbox 617 699 839 749; x_wconf 85' lang='lat' dir='ltr'>Verginium</span> <span class='ocrx_word' id='word_1_76' title='bbox 863 700 974 738; x_wconf 84' lang='lat' dir='ltr'>acciri</span> <span class='ocrx_word' id='word_1_77' title='bbox 997 713 1017 738; x_wconf 92' lang='lat' dir='ltr'>e</span> <span class='ocrx_word' id='word_1_78' title='bbox 1039 700 1194 738; x_wconf 88' lang='lat' dir='ltr'>castris:</span> <span class='ocrx_word' id='word_1_79' title='bbox 1223 699 1261 737; x_wconf 90' lang='lat' dir='ltr'>in</span> <span class='ocrx_word' id='word_1_80' title='bbox 1291 711 1336 737; x_wconf 90' lang='lat' dir='ltr'>eo</span> <span class='ocrx_word' id='word_1_81' title='bbox 1358 699 1452 737; x_wconf 89' lang='lat' dir='ltr'>verti</span> <span class='ocrx_word' id='word_1_82' title='bbox 1474 698 1620 750; x_wconf 88' lang='lat' dir='ltr'>puellae</span> 
     </span>
     <span class='ocr_line' id='line_1_12' title="bbox 212 755 1618 806; baseline -0.001 -12"><span class='ocrx_word' id='word_1_83' title='bbox 212 755 374 794; x_wconf 81' lang='lat' dir='ltr'>salutem</span> <span class='ocrx_word' id='word_1_84' title='bbox 389 786 397 801; x_wconf 87' lang='lat'>,</span> <span class='ocrx_word' id='word_1_85' title='bbox 421 755 452 792; x_wconf 94' lang='lat' dir='ltr'>si</span> <span class='ocrx_word' id='word_1_86' title='bbox 474 760 633 805; x_wconf 88' lang='lat' dir='ltr'>postero</span> <span class='ocrx_word' id='word_1_87' title='bbox 656 755 716 793; x_wconf 90' lang='lat' dir='ltr'>die</span> <span class='ocrx_word' id='word_1_88' title='bbox 738 756 876 794; x_wconf 86' lang='lat' dir='ltr'>vindex</span> <span class='ocrx_word' id='word_1_89' title='bbox 897 756 1060 794; x_wconf 88' lang='lat' dir='ltr'>iniuriae</span> <span class='ocrx_word' id='word_1_90' title='bbox 1081 756 1125 794; x_wconf 91' lang='lat' dir='ltr'>ad</span> <span class='ocrx_word' id='word_1_91' title='bbox 1148 761 1303 806; x_wconf 85' lang='lat' dir='ltr'>tempus</span> <span class='ocrx_word' id='word_1_92' title='bbox 1324 760 1480 806; x_wconf 88' lang='lat' dir='ltr'>praesto</span> <span class='ocrx_word' id='word_1_93' title='bbox 1502 761 1618 794; x_wconf 90' lang='lat' dir='ltr'>esset.</span> 
     </span>
     <span class='ocr_line' id='line_1_13' title="bbox 212 811 1625 862; baseline 0.001 -13"><span class='ocrx_word' id='word_1_94' title='bbox 212 812 306 850; x_wconf 86' lang='lat' dir='ltr'>iussi</span> <span class='ocrx_word' id='word_1_95' title='bbox 325 817 502 862; x_wconf 80' lang='lat' dir='ltr'>pergunt,</span> <span class='ocrx_word' id='word_1_96' title='bbox 519 811 719 861; x_wconf 81' lang='lat' dir='ltr'>citatisque</span> <span class='ocrx_word' id='word_1_97' title='bbox 735 812 843 862; x_wconf 88' lang='lat' dir='ltr'>equis</span> <span class='ocrx_word' id='word_1_98' title='bbox 861 812 1041 851; x_wconf 88' lang='lat' dir='ltr'>nuntium</span> <span class='ocrx_word' id='word_1_99' title='bbox 1059 812 1105 850; x_wconf 86' lang='lat' dir='ltr'>ad</span> <span class='ocrx_word' id='word_1_100' title='bbox 1123 818 1269 862; x_wconf 88' lang='lat' dir='ltr'>patrem</span> <span class='ocrx_word' id='word_1_101' title='bbox 1288 811 1498 862; x_wconf 88' lang='lat' dir='ltr'>perferunt.</span> <span class='ocrx_word' id='word_1_102' title='bbox 1532 815 1625 850; x_wconf 67' lang='lat' dir='ltr'>cum*</span> 
     </span>
     <span class='ocr_line' id='line_1_14' title="bbox 211 868 1620 919; baseline 0 -14"><span class='ocrx_word' id='word_1_103' title='bbox 211 869 372 906; x_wconf 79' lang='lat' dir='ltr'>instaret</span> <span class='ocrx_word' id='word_1_104' title='bbox 392 868 568 906; x_wconf 79' lang='lat' dir='ltr'>adsertor</span> <span class='ocrx_word' id='word_1_105' title='bbox 588 868 746 918; x_wconf 83' lang='lat' dir='ltr'>puellae,</span> <span class='ocrx_word' id='word_1_106' title='bbox 767 874 810 907; x_wconf 78' lang='lat' dir='ltr'>ut</span> <span class='ocrx_word' id='word_1_107' title='bbox 832 868 1041 907; x_wconf 86' lang='lat' dir='ltr'>vindicaret</span> <span class='ocrx_word' id='word_1_108' title='bbox 1058 881 1351 919; x_wconf 85' lang='lat' dir='ltr'>sponsoresque</span> <span class='ocrx_word' id='word_1_109' title='bbox 1369 869 1486 914; x_wconf 87' lang='lat' dir='ltr'>daret,</span> <span class='ocrx_word' id='word_1_110' title='bbox 1507 873 1620 918; x_wconf 88' lang='lat' dir='ltr'>atque</span> 
     </span>
     <span class='ocr_line' id='line_1_15' title="bbox 210 924 1621 975; baseline -0.001 -12"><span class='ocrx_word' id='word_1_111' title='bbox 210 925 247 963; x_wconf 86' lang='lat' dir='ltr'>id</span> <span class='ocrx_word' id='word_1_112' title='bbox 272 925 400 974; x_wconf 86' lang='lat' dir='ltr'>ipsum</span> <span class='ocrx_word' id='word_1_113' title='bbox 430 924 488 974; x_wconf 87' lang='lat' dir='ltr'>agi</span> <span class='ocrx_word' id='word_1_114' title='bbox 511 924 656 962; x_wconf 82' lang='lat' dir='ltr'>diceret</span> <span class='ocrx_word' id='word_1_115' title='bbox 682 924 829 970; x_wconf 77' lang='lat' dir='ltr'>Icilius,</span> <span class='ocrx_word' id='word_1_116' title='bbox 860 925 993 963; x_wconf 85' lang='lat' dir='ltr'>sedulo</span> <span class='ocrx_word' id='word_1_117' title='bbox 1016 930 1170 975; x_wconf 87' lang='lat' dir='ltr'>tempus</span> <span class='ocrx_word' id='word_1_118' title='bbox 1192 930 1334 971; x_wconf 87' lang='lat' dir='ltr'>terens,</span> <span class='ocrx_word' id='word_1_119' title='bbox 1357 925 1448 963; x_wconf 92' lang='lat' dir='ltr'>dum</span> <span class='ocrx_word' id='word_1_120' title='bbox 1471 924 1621 975; x_wconf 81' lang='lat' dir='ltr'>praeci-</span> 
     </span>
     <span class='ocr_line' id='line_1_16' title="bbox 212 980 1619 1031; baseline -0.001 -12"><span class='ocrx_word' id='word_1_121' title='bbox 212 986 348 1031; x_wconf 85' lang='lat' dir='ltr'>perent</span> <span class='ocrx_word' id='word_1_122' title='bbox 375 981 447 1019; x_wconf 83' lang='lat' dir='ltr'>iter</span> <span class='ocrx_word' id='word_1_123' title='bbox 475 980 601 1019; x_wconf 90' lang='lat' dir='ltr'>nuntii</span> <span class='ocrx_word' id='word_1_124' title='bbox 630 980 739 1019; x_wconf 89' lang='lat' dir='ltr'>missi</span> <span class='ocrx_word' id='word_1_125' title='bbox 762 981 799 1019; x_wconf 89' lang='lat' dir='ltr'>in</span> <span class='ocrx_word' id='word_1_126' title='bbox 823 987 964 1028; x_wconf 84' lang='lat' dir='ltr'>castra,</span> <span class='ocrx_word' id='word_1_127' title='bbox 986 994 1125 1020; x_wconf 89' lang='lat' dir='ltr'>manus</span> <span class='ocrx_word' id='word_1_128' title='bbox 1142 981 1274 1020; x_wconf 88' lang='lat' dir='ltr'>tollere</span> <span class='ocrx_word' id='word_1_129' title='bbox 1295 982 1467 1031; x_wconf 86' lang='lat' dir='ltr'>undique</span> <span class='ocrx_word' id='word_1_130' title='bbox 1488 980 1619 1019; x_wconf 89' lang='lat' dir='ltr'>multi-</span> 
     </span>
     <span class='ocr_line' id='line_1_17' title="bbox 211 1037 1619 1088; baseline -0.001 -13"><span class='ocrx_word' id='word_1_131' title='bbox 211 1037 326 1083; x_wconf 88' lang='lat' dir='ltr'>tudo,</span> <span class='ocrx_word' id='word_1_132' title='bbox 356 1043 393 1075; x_wconf 90' lang='lat' dir='ltr'>et</span> <span class='ocrx_word' id='word_1_133' title='bbox 427 1050 469 1075; x_wconf 92' lang='lat' dir='ltr'>se</span> <span class='ocrx_word' id='word_1_134' title='bbox 497 1037 659 1088; x_wconf 85' lang='lat' dir='ltr'>quisque</span> <span class='ocrx_word' id='word_1_135' title='bbox 686 1042 863 1088; x_wconf 87' lang='lat' dir='ltr'>paratum</span> <span class='ocrx_word' id='word_1_136' title='bbox 892 1038 937 1076; x_wconf 93' lang='lat' dir='ltr'>ad</span> <span class='ocrx_word' id='word_1_137' title='bbox 966 1038 1240 1088; x_wconf 87' lang='lat' dir='ltr'>spondendum</span> <span class='ocrx_word' id='word_1_138' title='bbox 1267 1038 1371 1076; x_wconf 89' lang='lat' dir='ltr'>Icilio</span> <span class='ocrx_word' id='word_1_139' title='bbox 1402 1038 1619 1076; x_wconf 83' lang='lat' dir='ltr'>ostendere.</span> 
     </span>
     <span class='ocr_line' id='line_1_18' title="bbox 213 1093 1619 1144; baseline -0.001 -12"><span class='ocrx_word' id='word_1_140' title='bbox 213 1098 326 1144; x_wconf 84' lang='lat' dir='ltr'>atque</span> <span class='ocrx_word' id='word_1_141' title='bbox 355 1094 415 1131; x_wconf 88' lang='lat' dir='ltr'>ille</span> <span class='ocrx_word' id='word_1_142' title='bbox 445 1093 759 1132; x_wconf 86' lang='lat' dir='ltr'>lacrimabundus</span> <span class='ocrx_word' id='word_1_143' title='bbox 784 1100 960 1144; x_wconf 80' lang='lat' dir='ltr'>„gratum</span> <span class='ocrx_word' id='word_1_144' title='bbox 985 1099 1068 1132; x_wconf 85' lang='lat' dir='ltr'>est“</span> <span class='ocrx_word' id='word_1_145' title='bbox 1090 1094 1232 1144; x_wconf 76' lang='lat' dir='ltr'>inquit;</span> <span class='ocrx_word' id='word_1_146' title='bbox 1255 1094 1449 1140; x_wconf 78' lang='lat' dir='ltr'>„crastina</span> <span class='ocrx_word' id='word_1_147' title='bbox 1473 1093 1532 1131; x_wconf 89' lang='lat' dir='ltr'>die</span> <span class='ocrx_word' id='word_1_148' title='bbox 1553 1106 1619 1131; x_wconf 89' lang='lat' dir='ltr'>ve-</span> 
     </span>
     <span class='ocr_line' id='line_1_19' title="bbox 214 1149 1620 1212; baseline -0.001 -24"><span class='ocrx_word' id='word_1_149' title='bbox 214 1155 291 1188; x_wconf 79' lang='lat' dir='ltr'>stra</span> <span class='ocrx_word' id='word_1_150' title='bbox 314 1162 430 1200; x_wconf 88' lang='lat' dir='ltr'>opera</span> <span class='ocrx_word' id='word_1_151' title='bbox 453 1155 551 1194; x_wconf 83' lang='lat' dir='ltr'>utar</span> <span class='ocrx_word' id='word_1_152' title='bbox 575 1162 813 1212; x_wconf 81' lang='lat' dir='ltr'>sponsorum</span> <span class='ocrx_word' id='word_1_153' title='bbox 836 1162 942 1189; x_wconf 88' lang='lat' dir='ltr'>nunc</span> <span class='ocrx_word' id='word_1_154' title='bbox 964 1151 1058 1189; x_wconf 85' lang='lat' dir='ltr'>satis</span> <span class='ocrx_word' id='word_1_155' title='bbox 1082 1156 1184 1189; x_wconf 79' lang='lat' dir='ltr'>est.“</span> <span class='ocrx_word' id='word_1_156' title='bbox 1222 1150 1272 1189; x_wconf 86' lang='lat' dir='ltr'>ita</span> <span class='ocrx_word' id='word_1_157' title='bbox 1294 1151 1510 1189; x_wconf 77' lang='lat' dir='ltr'>vindicatur</span> <span class='ocrx_word' id='word_1_158' title='bbox 1525 1149 1620 1187; x_wconf 90' lang='lat' dir='ltr'>Ver—</span> 
     </span>
     <span class='ocr_line' id='line_1_20' title="bbox 212 1206 1626 1258; baseline -0.001 -14"><span class='ocrx_word' id='word_1_159' title='bbox 212 1206 310 1257; x_wconf 79' lang='lat' dir='ltr'>ginia</span> <span class='ocrx_word' id='word_1_160' title='bbox 341 1206 626 1256; x_wconf 87' lang='lat' dir='ltr'>spondentibus</span> <span class='ocrx_word' id='word_1_161' title='bbox 656 1206 896 1257; x_wconf 84' lang='lat' dir='ltr'>propinquis.</span> <span class='ocrx_word' id='word_1_162' title='bbox 947 1207 1096 1258; x_wconf 83' lang='lat' dir='ltr'>Appius</span> <span class='ocrx_word' id='word_1_163' title='bbox 1125 1207 1318 1257; x_wconf 81' lang='lat' dir='ltr'>paulisper</span> <span class='ocrx_word' id='word_1_164' title='bbox 1346 1211 1542 1251; x_wconf 88' lang='lat' dir='ltr'>moratus,</span> <span class='ocrx_word' id='word_1_165' title='bbox 1573 1217 1626 1248; x_wconf 75' lang='lat' dir='ltr'>ne¹</span> 
     </span>
     <span class='ocr_line' id='line_1_21' title="bbox 212 1262 1618 1313; baseline 0.001 -14"><span class='ocrx_word' id='word_1_166' title='bbox 212 1263 293 1301; x_wconf 88' lang='lat' dir='ltr'>eius</span> <span class='ocrx_word' id='word_1_167' title='bbox 324 1263 379 1301; x_wconf 90' lang='lat' dir='ltr'>rci</span> <span class='ocrx_word' id='word_1_168' title='bbox 409 1275 521 1301; x_wconf 85' lang='lat' dir='ltr'>causa</span> <span class='ocrx_word' id='word_1_169' title='bbox 555 1262 701 1300; x_wconf 79' lang='lat' dir='ltr'>sedisse</span> <span class='ocrx_word' id='word_1_170' title='bbox 729 1263 940 1307; x_wconf 82' lang='lat' dir='ltr'>videretur</span> <span class='ocrx_word' id='word_1_171' title='bbox 971 1269 1180 1313; x_wconf 80' lang='lat' dir='ltr'>postquam</span> <span class='ocrx_word' id='word_1_172' title='bbox 1213 1262 1368 1301; x_wconf 89' lang='lat' dir='ltr'>omissis</span> <span class='ocrx_word' id='word_1_173' title='bbox 1400 1262 1513 1300; x_wconf 88' lang='lat' dir='ltr'>rebus</span> <span class='ocrx_word' id='word_1_174' title='bbox 1536 1262 1618 1300; x_wconf 87' lang='lat' dir='ltr'>aliis</span> 
     </span>
     <span class='ocr_line' id='line_1_22' title="bbox 213 1318 1618 1370; baseline 0 -14"><span class='ocrx_word' id='word_1_175' title='bbox 213 1331 304 1369; x_wconf 83' lang='lat' dir='ltr'>piae</span> <span class='ocrx_word' id='word_1_176' title='bbox 334 1331 422 1358; x_wconf 88' lang='lat' dir='ltr'>cura</span> <span class='ocrx_word' id='word_1_177' title='bbox 447 1319 559 1357; x_wconf 87' lang='lat' dir='ltr'>unius</span> <span class='ocrx_word' id='word_1_178' title='bbox 581 1330 696 1356; x_wconf 85' lang='lat' dir='ltr'>nemo</span> <span class='ocrx_word' id='word_1_179' title='bbox 720 1319 864 1364; x_wconf 86' lang='lat' dir='ltr'>adibat</span> <span class='ocrx_word' id='word_1_180' title='bbox 895 1320 1054 1358; x_wconf 90' lang='lat' dir='ltr'>domum</span> <span class='ocrx_word' id='word_1_181' title='bbox 1078 1332 1119 1357; x_wconf 86' lang='lat' dir='ltr'>se</span> <span class='ocrx_word' id='word_1_182' title='bbox 1140 1320 1303 1370; x_wconf 83' lang='lat' dir='ltr'>recepit,</span> <span class='ocrx_word' id='word_1_183' title='bbox 1329 1318 1559 1369; x_wconf 84' lang='lat' dir='ltr'>collegisque</span> <span class='ocrx_word' id='word_1_184' title='bbox 1581 1318 1618 1356; x_wconf 89' lang='lat' dir='ltr'>in</span> 
     </span>
     <span class='ocr_line' id='line_1_23' title="bbox 213 1375 1619 1426; baseline -0.001 -13"><span class='ocrx_word' id='word_1_185' title='bbox 213 1380 336 1414; x_wconf 87' lang='lat' dir='ltr'>castra</span> <span class='ocrx_word' id='word_1_186' title='bbox 359 1375 510 1422; x_wconf 86' lang='lat' dir='ltr'>scribit,</span> <span class='ocrx_word' id='word_1_187' title='bbox 539 1388 587 1414; x_wconf 87' lang='lat' dir='ltr'>ne</span> <span class='ocrx_word' id='word_1_188' title='bbox 609 1375 787 1425; x_wconf 84' lang='lat' dir='ltr'>Verginio</span> <span class='ocrx_word' id='word_1_189' title='bbox 810 1381 1067 1415; x_wconf 82' lang='lat' dir='ltr'>commeatum</span> <span class='ocrx_word' id='word_1_190' title='bbox 1097 1376 1188 1415; x_wconf 82' lang='lat' dir='ltr'>dent</span> <span class='ocrx_word' id='word_1_191' title='bbox 1216 1381 1327 1426; x_wconf 86' lang='lat' dir='ltr'>atque</span> <span class='ocrx_word' id='word_1_192' title='bbox 1356 1376 1468 1414; x_wconf 88' lang='lat' dir='ltr'>etiam</span> <span class='ocrx_word' id='word_1_193' title='bbox 1491 1375 1528 1412; x_wconf 91' lang='lat' dir='ltr'>in</span> <span class='ocrx_word' id='word_1_194' title='bbox 1552 1387 1619 1413; x_wconf 89' lang='lat' dir='ltr'>cu—</span> 
     </span>
     <span class='ocr_line' id='line_1_24' title="bbox 212 1431 1620 1482; baseline -0.001 -12"><span class='ocrx_word' id='word_1_195' title='bbox 212 1431 335 1470; x_wconf 85' lang='lat' dir='ltr'>stodia</span> <span class='ocrx_word' id='word_1_196' title='bbox 363 1432 537 1470; x_wconf 86' lang='lat' dir='ltr'>habeant.</span> <span class='ocrx_word' id='word_1_197' title='bbox 583 1431 794 1482; x_wconf 81' lang='lat' dir='ltr'>inprobum</span> <span class='ocrx_word' id='word_1_198' title='bbox 823 1432 1026 1471; x_wconf 88' lang='lat' dir='ltr'>consilium</span> <span class='ocrx_word' id='word_1_199' title='bbox 1055 1445 1206 1479; x_wconf 86' lang='lat' dir='ltr'>serum,</span> <span class='ocrx_word' id='word_1_200' title='bbox 1235 1437 1278 1471; x_wconf 90' lang='lat' dir='ltr'>ut</span> <span class='ocrx_word' id='word_1_201' title='bbox 1305 1431 1453 1476; x_wconf 75' lang='lat' dir='ltr'>debuit,</span> <span class='ocrx_word' id='word_1_202' title='bbox 1482 1431 1564 1477; x_wconf 85' lang='lat' dir='ltr'>fuit,</span> <span class='ocrx_word' id='word_1_203' title='bbox 1583 1437 1620 1469; x_wconf 90' lang='lat' dir='ltr'>et</span> 
     </span>
     <span class='ocr_line' id='line_1_25' title="bbox 212 1487 1614 1539; baseline -0.001 -13"><span class='ocrx_word' id='word_1_204' title='bbox 212 1489 285 1526; x_wconf 85' lang='lat' dir='ltr'>iam</span> <span class='ocrx_word' id='word_1_205' title='bbox 321 1495 539 1527; x_wconf 83' lang='lat' dir='ltr'>commeatu</span> <span class='ocrx_word' id='word_1_206' title='bbox 576 1494 732 1538; x_wconf 90' lang='lat' dir='ltr'>sumpto</span> <span class='ocrx_word' id='word_1_207' title='bbox 763 1489 961 1539; x_wconf 87' lang='lat' dir='ltr'>profectus</span> <span class='ocrx_word' id='word_1_208' title='bbox 993 1489 1190 1539; x_wconf 84' lang='lat' dir='ltr'>Verginius</span> <span class='ocrx_word' id='word_1_209' title='bbox 1222 1489 1343 1539; x_wconf 89' lang='lat' dir='ltr'>prima</span> <span class='ocrx_word' id='word_1_210' title='bbox 1371 1487 1494 1538; x_wconf 82' lang='lat' dir='ltr'>vigilia</span> <span class='ocrx_word' id='word_1_211' title='bbox 1523 1492 1614 1531; x_wconf 81' lang='lat' dir='ltr'>erat,</span> 
     </span>
     <span class='ocr_line' id='line_1_26' title="bbox 213 1544 1619 1596; baseline -0.001 -13"><span class='ocrx_word' id='word_1_212' title='bbox 213 1557 299 1583; x_wconf 89' lang='lat' dir='ltr'>cum</span> <span class='ocrx_word' id='word_1_213' title='bbox 330 1550 487 1595; x_wconf 89' lang='lat' dir='ltr'>postero</span> <span class='ocrx_word' id='word_1_214' title='bbox 515 1545 574 1583; x_wconf 90' lang='lat' dir='ltr'>die</span> <span class='ocrx_word' id='word_1_215' title='bbox 603 1556 712 1583; x_wconf 88' lang='lat' dir='ltr'>mane</span> <span class='ocrx_word' id='word_1_216' title='bbox 735 1545 780 1583; x_wconf 89' lang='lat' dir='ltr'>de</span> <span class='ocrx_word' id='word_1_217' title='bbox 807 1545 1009 1584; x_wconf 87' lang='lat' dir='ltr'>retinendo</span> <span class='ocrx_word' id='word_1_218' title='bbox 1039 1558 1084 1583; x_wconf 90' lang='lat' dir='ltr'>eo</span> <span class='ocrx_word' id='word_1_219' title='bbox 1107 1545 1340 1596; x_wconf 82' lang='lat' dir='ltr'>nequiquam</span> <span class='ocrx_word' id='word_1_220' title='bbox 1362 1544 1508 1583; x_wconf 91' lang='lat' dir='ltr'>litterae</span> <span class='ocrx_word' id='word_1_221' title='bbox 1529 1544 1619 1582; x_wconf 79' lang='lat' dir='ltr'>red-</span> 
     </span>
     <span class='ocr_line' id='line_1_27' title="bbox 211 1602 368 1640; baseline 0.006 -1"><span class='ocrx_word' id='word_1_222' title='bbox 211 1602 368 1640; x_wconf 85' lang='lat' dir='ltr'>duntur.</span> 
     </span>
    </p>

    <p class='ocr_par' dir='ltr' id='par_1_5' title="bbox 209 1656 1618 1821">
     <span class='ocr_line' id='line_1_28' title="bbox 327 1656 1618 1707; baseline -0.001 -12"><span class='ocrx_word' id='word_1_223' title='bbox 327 1658 375 1696; x_wconf 83' lang='lat' dir='ltr'>At</span> <span class='ocrx_word' id='word_1_224' title='bbox 412 1657 449 1695; x_wconf 94' lang='lat' dir='ltr'>in</span> <span class='ocrx_word' id='word_1_225' title='bbox 483 1656 577 1696; x_wconf 89' lang='lat' dir='ltr'>urbe</span> <span class='ocrx_word' id='word_1_226' title='bbox 611 1657 735 1707; x_wconf 87' lang='lat' dir='ltr'>prima</span> <span class='ocrx_word' id='word_1_227' title='bbox 770 1658 853 1696; x_wconf 88' lang='lat' dir='ltr'>luce</span> <span class='ocrx_word' id='word_1_228' title='bbox 884 1670 970 1696; x_wconf 89' lang='lat' dir='ltr'>cum</span> <span class='ocrx_word' id='word_1_229' title='bbox 1000 1657 1130 1696; x_wconf 83' lang='lat' dir='ltr'>civitas</span> <span class='ocrx_word' id='word_1_230' title='bbox 1162 1658 1200 1696; x_wconf 92' lang='lat' dir='ltr'>in</span> <span class='ocrx_word' id='word_1_231' title='bbox 1230 1657 1317 1695; x_wconf 89' lang='lat' dir='ltr'>foro</span> <span class='ocrx_word' id='word_1_232' title='bbox 1355 1656 1618 1707; x_wconf 81' lang='lat' dir='ltr'>expectatione</span> 
     </span>
     <span class='ocr_line' id='line_1_29' title="bbox 210 1713 1618 1764; baseline -0.001 -12"><span class='ocrx_word' id='word_1_233' title='bbox 210 1719 335 1752; x_wconf 85' lang='lat' dir='ltr'>erecta</span> <span class='ocrx_word' id='word_1_234' title='bbox 359 1718 494 1759; x_wconf 85' lang='lat' dir='ltr'>staret,</span> <span class='ocrx_word' id='word_1_235' title='bbox 523 1714 725 1764; x_wconf 80' lang='lat' dir='ltr'>Verginius</span> <span class='ocrx_word' id='word_1_236' title='bbox 757 1714 979 1752; x_wconf 85' lang='lat' dir='ltr'>sordidatus</span> <span class='ocrx_word' id='word_1_237' title='bbox 1008 1714 1123 1752; x_wconf 80' lang='lat' dir='ltr'>filiam</span> <span class='ocrx_word' id='word_1_238' title='bbox 1152 1726 1281 1752; x_wconf 81' lang='lat' dir='ltr'>secum</span> <span class='ocrx_word' id='word_1_239' title='bbox 1312 1713 1485 1751; x_wconf 84' lang='lat' dir='ltr'>obsoleta</span> <span class='ocrx_word' id='word_1_240' title='bbox 1515 1718 1618 1751; x_wconf 82' lang='lat' dir='ltr'>veste</span> 
     </span>
     <span class='ocr_line' id='line_1_30' title="bbox 209 1769 1618 1821; baseline -0.001 -13"><span class='ocrx_word' id='word_1_241' title='bbox 209 1771 483 1809; x_wconf 89' lang='lat' dir='ltr'>comitantibus</span> <span class='ocrx_word' id='word_1_242' title='bbox 507 1770 653 1821; x_wconf 86' lang='lat' dir='ltr'>aliquot</span> <span class='ocrx_word' id='word_1_243' title='bbox 681 1771 870 1809; x_wconf 89' lang='lat' dir='ltr'>matronis</span> <span class='ocrx_word' id='word_1_244' title='bbox 900 1783 986 1809; x_wconf 92' lang='lat' dir='ltr'>cum</span> <span class='ocrx_word' id='word_1_245' title='bbox 1010 1770 1153 1820; x_wconf 81' lang='lat' dir='ltr'>ingenti</span> <span class='ocrx_word' id='word_1_246' title='bbox 1171 1770 1418 1809; x_wconf 85' lang='lat' dir='ltr'>advocatione</span> <span class='ocrx_word' id='word_1_247' title='bbox 1435 1771 1473 1807; x_wconf 92' lang='lat' dir='ltr'>in</span> <span class='ocrx_word' id='word_1_248' title='bbox 1490 1769 1618 1806; x_wconf 88' lang='lat' dir='ltr'>forum</span> 
     </span>
    </p>
   </div>
   <div class='ocr_carea' id='block_1_5' title="bbox 206 1905 876 1948">
    <p class='ocr_par' dir='ltr' id='par_1_6' title="bbox 206 1905 876 1948">
     <span class='ocr_line' id='line_1_31' title="bbox 206 1905 876 1948; baseline 0.001 -13"><span class='ocrx_word' id='word_1_249' title='bbox 206 1915 266 1936; x_wconf 69' lang='lat' dir='ltr'>nec</span> <span class='ocrx_word' id='word_1_250' title='bbox 282 1924 304 1927; x_wconf 91' lang='lat'>—</span> <span class='ocrx_word' id='word_1_251' title='bbox 320 1907 415 1948; x_wconf 58' lang='lat' dir='ltr'>utiq„</span> <span class='ocrx_word' id='word_1_252' title='bbox 433 1916 516 1945; x_wconf 81' lang='lat' dir='ltr'>ganz</span> <span class='ocrx_word' id='word_1_253' title='bbox 534 1917 564 1937; x_wconf 94' lang='lat' dir='ltr'>u.</span> <span class='ocrx_word' id='word_1_254' title='bbox 584 1915 644 1945; x_wconf 83' lang='lat' dir='ltr'>gar</span> <span class='ocrx_word' id='word_1_255' title='bbox 661 1906 760 1946; x_wconf 86' lang='lat' dir='ltr'>nicht,</span> <span class='ocrx_word' id='word_1_256' title='bbox 779 1916 805 1936; x_wconf 92' lang='lat' dir='ltr'>s.</span> <span class='ocrx_word' id='word_1_257' title='bbox 823 1905 876 1945; x_wconf 86' lang='lat'>28,</span> 
     </span>
    </p>
   </div>
   <div class='ocr_carea' id='block_1_6' title="bbox 206 1950 876 2080">
    <p class='ocr_par' dir='ltr' id='par_1_7' title="bbox 206 1950 876 2080">
     <span class='ocr_line' id='line_1_32' title="bbox 206 1950 310 1989; baseline 0 -8"><span class='ocrx_word' id='word_1_258' title='bbox 206 1952 261 1989; x_wconf 77' lang='lat'>39,</span> <span class='ocrx_word' id='word_1_259' title='bbox 280 1950 310 1981; x_wconf 84' lang='lat' dir='ltr'>S.</span> 
     </span>
     <span class='ocr_line' id='line_1_33' title="bbox 253 1994 876 2035; baseline 0 -10"><span class='ocrx_word' id='word_1_260' title='bbox 253 1994 330 2026; x_wconf 74' lang='lat'>6-7.</span> <span class='ocrx_word' id='word_1_261' title='bbox 363 2005 496 2035; x_wconf 59' lang='lat' dir='ltr'>secem„</span> <span class='ocrx_word' id='word_1_262' title='bbox 526 2005 578 2025; x_wconf 88' lang='lat' dir='ltr'>um</span> <span class='ocrx_word' id='word_1_263' title='bbox 608 1996 676 2026; x_wconf 87' lang='lat' dir='ltr'>sich</span> <span class='ocrx_word' id='word_1_264' title='bbox 708 2006 748 2026; x_wconf 90' lang='lat' dir='ltr'>zu</span> <span class='ocrx_word' id='word_1_265' title='bbox 778 1995 876 2025; x_wconf 85' lang='lat' dir='ltr'>bera-</span> 
     </span>
     <span class='ocr_line' id='line_1_34' title="bbox 208 2040 874 2080; baseline 0.002 -11"><span class='ocrx_word' id='word_1_266' title='bbox 208 2040 296 2070; x_wconf 82' lang='lat' dir='ltr'>tben.</span> <span class='ocrx_word' id='word_1_267' title='bbox 315 2058 355 2061; x_wconf 97' lang='lat'><strong>—</strong></span> <span class='ocrx_word' id='word_1_268' title='bbox 381 2040 505 2070; x_wconf 48' lang='lat' dir='ltr'>vindere</span> <span class='ocrx_word' id='word_1_269' title='bbox 526 2041 595 2079; x_wconf 57' lang='lat' dir='ltr'>ini„</span> <span class='ocrx_word' id='word_1_270' title='bbox 621 2040 773 2080; x_wconf 81' lang='lat' dir='ltr'>dadurcli,</span> <span class='ocrx_word' id='word_1_271' title='bbox 799 2040 874 2070; x_wconf 82' lang='lat' dir='ltr'>dass</span> 
     </span>
    </p>
   </div>
   <div class='ocr_carea' id='block_1_7' title="bbox 208 2083 873 2124">
    <p class='ocr_par' dir='ltr' id='par_1_8' title="bbox 208 2083 873 2124">
     <span class='ocr_line' id='line_1_35' title="bbox 208 2083 873 2124; baseline 0.002 -10"><span class='ocrx_word' id='word_1_272' title='bbox 208 2094 245 2114; x_wconf 78' lang='lat' dir='ltr'>er</span> <span class='ocrx_word' id='word_1_273' title='bbox 274 2084 379 2115; x_wconf 85' lang='lat' dir='ltr'>selbst</span> <span class='ocrx_word' id='word_1_274' title='bbox 416 2085 476 2115; x_wconf 85' lang='lat' dir='ltr'>den</span> <span class='ocrx_word' id='word_1_275' title='bbox 506 2083 873 2124; x_wconf 84' lang='lat' dir='ltr'>Vindicationsprocess</span> 
     </span>
    </p>
   </div>
   <div class='ocr_carea' id='block_1_8' title="bbox 207 2129 875 2167">
    <p class='ocr_par' dir='ltr' id='par_1_9' title="bbox 207 2129 875 2167">
     <span class='ocr_line' id='line_1_36' title="bbox 207 2129 875 2167; baseline 0 -8"><span class='ocrx_word' id='word_1_276' title='bbox 207 2133 350 2159; x_wconf 83' lang='lat' dir='ltr'>antrete.</span> <span class='ocrx_word' id='word_1_277' title='bbox 376 2146 419 2150; x_wconf 93' lang='lat'><strong>—</strong></span> <span class='ocrx_word' id='word_1_278' title='bbox 441 2131 595 2167; x_wconf 70' lang='lat' dir='ltr'>instaret,</span> <span class='ocrx_word' id='word_1_279' title='bbox 620 2139 657 2159; x_wconf 87' lang='lat' dir='ltr'>er</span> <span class='ocrx_word' id='word_1_280' title='bbox 679 2129 748 2159; x_wconf 85' lang='lat' dir='ltr'>will</span> <span class='ocrx_word' id='word_1_281' title='bbox 767 2129 875 2159; x_wconf 84' lang='lat' dir='ltr'>sicher</span> 
     </span>
    </p>
   </div>
   <div class='ocr_carea' id='block_1_9' title="bbox 202 2172 873 2666">
    <p class='ocr_par' dir='ltr' id='par_1_10' title="bbox 202 2172 873 2666">
     <span class='ocr_line' id='line_1_37' title="bbox 205 2172 872 2213; baseline 0 -9"><span class='ocrx_word' id='word_1_282' title='bbox 205 2174 344 2213; x_wconf 80' lang='lat' dir='ltr'>gestellt</span> <span class='ocrx_word' id='word_1_283' title='bbox 361 2174 442 2212; x_wconf 86' lang='lat' dir='ltr'>sein,</span> <span class='ocrx_word' id='word_1_284' title='bbox 461 2174 536 2204; x_wconf 78' lang='lat' dir='ltr'>dass</span> <span class='ocrx_word' id='word_1_285' title='bbox 555 2172 711 2212; x_wconf 82' lang='lat' dir='ltr'>Verginia</span> <span class='ocrx_word' id='word_1_286' title='bbox 728 2184 789 2204; x_wconf 81' lang='lat' dir='ltr'>vor</span> <span class='ocrx_word' id='word_1_287' title='bbox 808 2173 872 2205; x_wconf 87' lang='lat' dir='ltr'>Ge-</span> 
     </span>
     <span class='ocr_line' id='line_1_38' title="bbox 207 2219 872 2259; baseline 0 -10"><span class='ocrx_word' id='word_1_288' title='bbox 207 2219 291 2249; x_wconf 87' lang='lat' dir='ltr'>richt</span> <span class='ocrx_word' id='word_1_289' title='bbox 309 2219 496 2259; x_wconf 76' lang='lat' dir='ltr'>erscheine,</span> <span class='ocrx_word' id='word_1_290' title='bbox 525 2219 611 2249; x_wconf 83' lang='lat' dir='ltr'>nicht</span> <span class='ocrx_word' id='word_1_291' title='bbox 628 2219 676 2249; x_wconf 78' lang='lat' dir='ltr'>als</span> <span class='ocrx_word' id='word_1_292' title='bbox 701 2219 740 2249; x_wconf 90' lang='lat' dir='ltr'>ob</span> <span class='ocrx_word' id='word_1_293' title='bbox 766 2230 801 2249; x_wconf 87' lang='lat' dir='ltr'>er</span> <span class='ocrx_word' id='word_1_294' title='bbox 825 2219 872 2250; x_wconf 86' lang='lat' dir='ltr'>sie</span> 
     </span>
     <span class='ocr_line' id='line_1_39' title="bbox 208 2263 873 2303; baseline 0.003 -11"><span class='ocrx_word' id='word_1_295' title='bbox 208 2263 371 2303; x_wconf 66' lang='lat' dir='ltr'>vorltiufig</span> <span class='ocrx_word' id='word_1_296' title='bbox 401 2263 450 2294; x_wconf 84' lang='lat' dir='ltr'>als</span> <span class='ocrx_word' id='word_1_297' title='bbox 485 2264 554 2293; x_wconf 82' lang='lat' dir='ltr'>sein</span> <span class='ocrx_word' id='word_1_298' title='bbox 585 2263 782 2302; x_wconf 69' lang='lat' dir='ltr'>Eigenthum</span> <span class='ocrx_word' id='word_1_299' title='bbox 817 2264 873 2294; x_wconf 87' lang='lat' dir='ltr'>be-</span> 
     </span>
     <span class='ocr_line' id='line_1_40' title="bbox 206 2307 872 2351; baseline 0.002 -12"><span class='ocrx_word' id='word_1_300' title='bbox 206 2309 382 2347; x_wconf 82' lang='lat' dir='ltr'>tracbtete,</span> <span class='ocrx_word' id='word_1_301' title='bbox 411 2307 430 2350; x_wconf 72' lang='lat'>§</span> <span class='ocrx_word' id='word_1_302' title='bbox 457 2308 487 2340; x_wconf 86' lang='lat'>3.</span> <span class='ocrx_word' id='word_1_303' title='bbox 518 2327 561 2330; x_wconf 97' lang='lat'><strong>—</strong></span> <span class='ocrx_word' id='word_1_304' title='bbox 585 2319 798 2351; x_wconf 76' lang='lat' dir='ltr'>sponsoresq.</span> <span class='ocrx_word' id='word_1_305' title='bbox 829 2309 872 2349; x_wconf 60' lang='lat' dir='ltr'>d„</span> 
     </span>
     <span class='ocr_line' id='line_1_41' title="bbox 206 2353 873 2393; baseline 0.003 -9"><span class='ocrx_word' id='word_1_306' title='bbox 206 2354 264 2384; x_wconf 81' lang='lat' dir='ltr'>dus</span> <span class='ocrx_word' id='word_1_307' title='bbox 282 2354 408 2393; x_wconf 79' lang='lat' dir='ltr'>einzige</span> <span class='ocrx_word' id='word_1_308' title='bbox 428 2353 601 2384; x_wconf 81' lang='lat' dir='ltr'>Mittelum</span> <span class='ocrx_word' id='word_1_309' title='bbox 622 2355 678 2384; x_wconf 83' lang='lat' dir='ltr'>das</span> <span class='ocrx_word' id='word_1_310' title='bbox 701 2354 873 2386; x_wconf 67' lang='lat' dir='ltr'>vindicare</span> 
     </span>
     <span class='ocr_line' id='line_1_42' title="bbox 206 2399 872 2440; baseline 0.002 -11"><span class='ocrx_word' id='word_1_311' title='bbox 206 2410 246 2429; x_wconf 84' lang='lat' dir='ltr'>zu</span> <span class='ocrx_word' id='word_1_312' title='bbox 265 2399 451 2432; x_wconf 74' lang='lat' dir='ltr'>bewirkcn:</span> <span class='ocrx_word' id='word_1_313' title='bbox 470 2399 521 2429; x_wconf 88' lang='lat' dir='ltr'>die</span> <span class='ocrx_word' id='word_1_314' title='bbox 535 2409 716 2440; x_wconf 77' lang='lat' dir='ltr'>sponsores</span> <span class='ocrx_word' id='word_1_315' title='bbox 731 2400 872 2430; x_wconf 81' lang='lat' dir='ltr'>verbiir-</span> 
     </span>
     <span class='ocr_line' id='line_1_43' title="bbox 205 2444 870 2482; baseline 0 -7"><span class='ocrx_word' id='word_1_316' title='bbox 205 2454 266 2482; x_wconf 72' lang='lat' dir='ltr'>gen</span> <span class='ocrx_word' id='word_1_317' title='bbox 288 2445 355 2475; x_wconf 70' lang='lat' dir='ltr'>sich</span> <span class='ocrx_word' id='word_1_318' title='bbox 381 2444 452 2474; x_wconf 87' lang='lat' dir='ltr'>eine</span> <span class='ocrx_word' id='word_1_319' title='bbox 472 2444 659 2475; x_wconf 80' lang='lat' dir='ltr'>bestimmte</span> <span class='ocrx_word' id='word_1_320' title='bbox 678 2445 806 2475; x_wconf 82' lang='lat' dir='ltr'>Summe</span> <span class='ocrx_word' id='word_1_321' title='bbox 830 2456 870 2476; x_wconf 90' lang='lat' dir='ltr'>zu</span> 
     </span>
     <span class='ocr_line' id='line_1_44' title="bbox 205 2488 872 2528; baseline 0.003 -9"><span class='ocrx_word' id='word_1_322' title='bbox 205 2489 340 2526; x_wconf 79' lang='lat' dir='ltr'>zahlen,</span> <span class='ocrx_word' id='word_1_323' title='bbox 372 2499 466 2519; x_wconf 87' lang='lat' dir='ltr'>wenn</span> <span class='ocrx_word' id='word_1_324' title='bbox 501 2488 658 2528; x_wconf 78' lang='lat' dir='ltr'>Verginia</span> <span class='ocrx_word' id='word_1_325' title='bbox 692 2490 780 2520; x_wconf 87' lang='lat' dir='ltr'>nicht</span> <span class='ocrx_word' id='word_1_326' title='bbox 812 2501 872 2522; x_wconf 89' lang='lat' dir='ltr'>vor</span> 
     </span>
     <span class='ocr_line' id='line_1_45' title="bbox 205 2534 868 2571; baseline 0.002 -6"><span class='ocrx_word' id='word_1_327' title='bbox 205 2534 342 2565; x_wconf 79' lang='lat' dir='ltr'>Gericlit</span> <span class='ocrx_word' id='word_1_328' title='bbox 360 2535 537 2571; x_wconf 80' lang='lat' dir='ltr'>erschcint,</span> <span class='ocrx_word' id='word_1_329' title='bbox 560 2535 624 2564; x_wconf 90' lang='lat' dir='ltr'>und</span> <span class='ocrx_word' id='word_1_330' title='bbox 645 2535 715 2565; x_wconf 88' lang='lat' dir='ltr'>sind</span> <span class='ocrx_word' id='word_1_331' title='bbox 734 2535 793 2566; x_wconf 86' lang='lat' dir='ltr'>mit</span> <span class='ocrx_word' id='word_1_332' title='bbox 809 2535 868 2566; x_wconf 83' lang='lat' dir='ltr'>den</span> 
     </span>
     <span class='ocr_line' id='line_1_46' title="bbox 202 2579 869 2621; baseline 0.001 -12"><span class='ocrx_word' id='word_1_333' title='bbox 202 2579 344 2621; x_wconf 78' lang='lat' dir='ltr'>praedes</span> <span class='ocrx_word' id='word_1_334' title='bbox 361 2579 432 2610; x_wconf 70' lang='lat' dir='ltr'>litis</span> <span class='ocrx_word' id='word_1_335' title='bbox 455 2582 489 2610; x_wconf 82' lang='lat' dir='ltr'>et</span> <span class='ocrx_word' id='word_1_336' title='bbox 510 2579 740 2619; x_wconf 77' lang='lat' dir='ltr'>vindiciarum,</span> <span class='ocrx_word' id='word_1_337' title='bbox 765 2591 791 2611; x_wconf 87' lang='lat' dir='ltr'>c.</span> <span class='ocrx_word' id='word_1_338' title='bbox 817 2580 869 2618; x_wconf 74' lang='lat'>44,</span> 
     </span>
     <span class='ocr_line' id='line_1_47' title="bbox 204 2625 870 2666; baseline 0.002 -11"><span class='ocrx_word' id='word_1_339' title='bbox 204 2626 234 2665; x_wconf 83' lang='lat'>5,</span> <span class='ocrx_word' id='word_1_340' title='bbox 272 2625 396 2656; x_wconf 88' lang='lat' dir='ltr'>welche</span> <span class='ocrx_word' id='word_1_341' title='bbox 437 2630 507 2656; x_wconf 87' lang='lat' dir='ltr'>erst</span> <span class='ocrx_word' id='word_1_342' title='bbox 547 2625 684 2664; x_wconf 80' lang='lat' dir='ltr'>gestent</span> <span class='ocrx_word' id='word_1_343' title='bbox 725 2625 870 2666; x_wconf 86' lang='lat' dir='ltr'>werden,</span> 
     </span>
    </p>
   </div>
   <div class='ocr_carea' id='block_1_10' title="bbox 942 1903 1617 2667">
    <p class='ocr_par' dir='ltr' id='par_1_11' title="bbox 948 1903 1617 2115">
     <span class='ocr_line' id='line_1_48' title="bbox 949 1903 1617 1935; baseline 0.001 -1"><span class='ocrx_word' id='word_1_344' title='bbox 949 1914 1044 1935; x_wconf 84' lang='lat' dir='ltr'>wenn</span> <span class='ocrx_word' id='word_1_345' title='bbox 1074 1904 1126 1935; x_wconf 87' lang='lat' dir='ltr'>die</span> <span class='ocrx_word' id='word_1_346' title='bbox 1155 1903 1328 1934; x_wconf 83' lang='lat' dir='ltr'>wirkliche</span> <span class='ocrx_word' id='word_1_347' title='bbox 1351 1903 1528 1935; x_wconf 81' lang='lat' dir='ltr'>vindicatio</span> <span class='ocrx_word' id='word_1_348' title='bbox 1560 1904 1617 1935; x_wconf 86' lang='lat' dir='ltr'>be-</span> 
     </span>
     <span class='ocr_line' id='line_1_49' title="bbox 949 1949 1616 1989; baseline 0.001 -10"><span class='ocrx_word' id='word_1_349' title='bbox 949 1959 1077 1989; x_wconf 85' lang='lat' dir='ltr'>gonnen</span> <span class='ocrx_word' id='word_1_350' title='bbox 1103 1949 1174 1988; x_wconf 82' lang='lat' dir='ltr'>hat,</span> <span class='ocrx_word' id='word_1_351' title='bbox 1200 1949 1288 1979; x_wconf 85' lang='lat' dir='ltr'>nicht</span> <span class='ocrx_word' id='word_1_352' title='bbox 1312 1959 1352 1978; x_wconf 90' lang='lat' dir='ltr'>zu</span> <span class='ocrx_word' id='word_1_353' title='bbox 1377 1950 1616 1986; x_wconf 79' lang='lat' dir='ltr'>verwechseln,</span> 
     </span>
     <span class='ocr_line' id='line_1_50' title="bbox 948 1993 1615 2036; baseline 0.001 -12"><span class='ocrx_word' id='word_1_354' title='bbox 948 1994 1014 2032; x_wconf 75' lang='lat' dir='ltr'>vgl.</span> <span class='ocrx_word' id='word_1_355' title='bbox 1035 2004 1061 2024; x_wconf 90' lang='lat' dir='ltr'>c.</span> <span class='ocrx_word' id='word_1_356' title='bbox 1083 1993 1133 2033; x_wconf 87' lang='grc'>45,</span> <span class='ocrx_word' id='word_1_357' title='bbox 1154 1995 1183 2025; x_wconf 81' lang='grc'>3.</span> <span class='ocrx_word' id='word_1_358' title='bbox 1202 2011 1246 2016; x_wconf 83' lang='lat'>—</span> <span class='ocrx_word' id='word_1_359' title='bbox 1266 1996 1515 2036; x_wconf 68' lang='lat' dir='ltr'>praeciperent,</span> <span class='ocrx_word' id='word_1_360' title='bbox 1539 1995 1615 2026; x_wconf 86' lang='lat' dir='ltr'>weil</span> 
     </span>
     <span class='ocr_line' id='line_1_51' title="bbox 949 2039 1614 2081; baseline 0.002 -12"><span class='ocrx_word' id='word_1_361' title='bbox 949 2039 996 2069; x_wconf 88' lang='lat' dir='ltr'>sie</span> <span class='ocrx_word' id='word_1_362' title='bbox 1021 2039 1258 2076; x_wconf 84' lang='lat' dir='ltr'>voraussahen,</span> <span class='ocrx_word' id='word_1_363' title='bbox 1283 2040 1358 2069; x_wconf 87' lang='lat' dir='ltr'>dass</span> <span class='ocrx_word' id='word_1_364' title='bbox 1384 2040 1465 2070; x_wconf 85' lang='lat' dir='ltr'>auch</span> <span class='ocrx_word' id='word_1_365' title='bbox 1490 2040 1614 2081; x_wconf 90' lang='lat' dir='ltr'>Appius</span> 
     </span>
     <span class='ocr_line' id='line_1_52' title="bbox 948 2083 1405 2115; baseline 0.002 -2"><span class='ocrx_word' id='word_1_366' title='bbox 948 2083 1050 2114; x_wconf 86' lang='lat' dir='ltr'>Boten</span> <span class='ocrx_word' id='word_1_367' title='bbox 1069 2083 1265 2114; x_wconf 85' lang='lat' dir='ltr'>abscbicken</span> <span class='ocrx_word' id='word_1_368' title='bbox 1282 2085 1405 2115; x_wconf 80' lang='lat' dir='ltr'>werde.</span> 
     </span>
    </p>

    <p class='ocr_par' dir='ltr' id='par_1_12' title="bbox 944 2128 1614 2441">
     <span class='ocr_line' id='line_1_53' title="bbox 993 2128 1614 2170; baseline 0.002 -11"><span class='ocrx_word' id='word_1_369' title='bbox 993 2128 1068 2159; x_wconf 80' lang='lat'>8-9.</span> <span class='ocrx_word' id='word_1_370' title='bbox 1094 2132 1159 2170; x_wconf 79' lang='lat' dir='ltr'>atq.</span> <span class='ocrx_word' id='word_1_371' title='bbox 1190 2129 1252 2168; x_wconf 75' lang='lat' dir='ltr'>ille,</span> <span class='ocrx_word' id='word_1_372' title='bbox 1282 2130 1344 2160; x_wconf 89' lang='lat' dir='ltr'>und</span> <span class='ocrx_word' id='word_1_373' title='bbox 1375 2140 1423 2169; x_wconf 88' lang='lat' dir='ltr'>so,</span> <span class='ocrx_word' id='word_1_374' title='bbox 1454 2130 1485 2160; x_wconf 89' lang='lat' dir='ltr'>in</span> <span class='ocrx_word' id='word_1_375' title='bbox 1510 2128 1614 2169; x_wconf 83' lang='lat' dir='ltr'>Folge</span> 
     </span>
     <span class='ocr_line' id='line_1_54' title="bbox 947 2174 1613 2213; baseline 0.002 -9"><span class='ocrx_word' id='word_1_376' title='bbox 947 2174 1066 2206; x_wconf 70' lang='lat' dir='ltr'>davon.</span> <span class='ocrx_word' id='word_1_377' title='bbox 1085 2192 1126 2196; x_wconf 88' lang='lat'>—</span> <span class='ocrx_word' id='word_1_378' title='bbox 1146 2175 1217 2205; x_wconf 74' lang='lat' dir='ltr'>cius</span> <span class='ocrx_word' id='word_1_379' title='bbox 1235 2185 1265 2204; x_wconf 92' lang='lat' dir='ltr'>n.</span> <span class='ocrx_word' id='word_1_380' title='bbox 1284 2176 1394 2206; x_wconf 69' lang='lat' dir='ltr'>meins.</span> <span class='ocrx_word' id='word_1_381' title='bbox 1414 2192 1457 2197; x_wconf 88' lang='lat'>——-</span> <span class='ocrx_word' id='word_1_382' title='bbox 1475 2174 1613 2213; x_wconf 73' lang='lat' dir='ltr'>sedisse,</span> 
     </span>
     <span class='ocr_line' id='line_1_55' title="bbox 947 2218 1612 2257; baseline 0.002 -8"><span class='ocrx_word' id='word_1_383' title='bbox 947 2219 1006 2250; x_wconf 82' lang='lat' dir='ltr'>der</span> <span class='ocrx_word' id='word_1_384' title='bbox 1028 2220 1256 2257; x_wconf 73' lang='lat' dir='ltr'>gewo&#39;bnliehe</span> <span class='ocrx_word' id='word_1_385' title='bbox 1274 2219 1451 2250; x_wconf 82' lang='lat' dir='ltr'>Ausdruck</span> <span class='ocrx_word' id='word_1_386' title='bbox 1476 2218 1529 2250; x_wconf 80' lang='lat' dir='ltr'>fiir</span> <span class='ocrx_word' id='word_1_387' title='bbox 1552 2220 1612 2250; x_wconf 85' lang='lat' dir='ltr'>den</span> 
     </span>
     <span class='ocr_line' id='line_1_56' title="bbox 946 2262 1614 2303; baseline -0.001 -8"><span class='ocrx_word' id='word_1_388' title='bbox 946 2264 1138 2303; x_wconf 75' lang='lat' dir='ltr'>Magistrat,</span> <span class='ocrx_word' id='word_1_389' title='bbox 1173 2265 1232 2295; x_wconf 86' lang='lat' dir='ltr'>der</span> <span class='ocrx_word' id='word_1_390' title='bbox 1263 2262 1322 2294; x_wconf 81' lang='lat' dir='ltr'>auf</span> <span class='ocrx_word' id='word_1_391' title='bbox 1350 2265 1421 2295; x_wconf 88' lang='lat' dir='ltr'>dem</span> <span class='ocrx_word' id='word_1_392' title='bbox 1455 2264 1614 2295; x_wconf 87' lang='lat' dir='ltr'>Tribunal</span> 
     </span>
     <span class='ocr_line' id='line_1_57' title="bbox 946 2309 1613 2350; baseline 0.002 -11"><span class='ocrx_word' id='word_1_393' title='bbox 946 2310 1074 2340; x_wconf 82' lang='lat' dir='ltr'>sitzend</span> <span class='ocrx_word' id='word_1_394' title='bbox 1109 2309 1211 2340; x_wconf 81' lang='lat' dir='ltr'>Reclit</span> <span class='ocrx_word' id='word_1_395' title='bbox 1251 2310 1386 2350; x_wconf 82' lang='lat' dir='ltr'>spricbt.</span> <span class='ocrx_word' id='word_1_396' title='bbox 1416 2328 1458 2331; x_wconf 77' lang='lat'>——</span> <span class='ocrx_word' id='word_1_397' title='bbox 1488 2309 1613 2349; x_wconf 73' lang='lat' dir='ltr'>adibat,</span> 
     </span>
     <span class='ocr_line' id='line_1_58' title="bbox 946 2354 1611 2396; baseline 0 -12"><span class='ocrx_word' id='word_1_398' title='bbox 946 2355 1060 2385; x_wconf 78' lang='lat' dir='ltr'>suclite</span> <span class='ocrx_word' id='word_1_399' title='bbox 1086 2354 1191 2386; x_wconf 79' lang='lat' dir='ltr'>Recht</span> <span class='ocrx_word' id='word_1_400' title='bbox 1217 2355 1267 2385; x_wconf 88' lang='lat' dir='ltr'>bei</span> <span class='ocrx_word' id='word_1_401' title='bbox 1292 2355 1366 2386; x_wconf 79' lang='lat' dir='ltr'>ibin.</span> <span class='ocrx_word' id='word_1_402' title='bbox 1393 2374 1435 2377; x_wconf 90' lang='lat'>—</span> <span class='ocrx_word' id='word_1_403' title='bbox 1457 2357 1557 2396; x_wconf 76' lang='lat' dir='ltr'>atque</span> <span class='ocrx_word' id='word_1_404' title='bbox 1581 2365 1611 2385; x_wconf 88' lang='lat' dir='ltr'>n</span> 
     </span>
     <span class='ocr_line' id='line_1_59' title="bbox 944 2399 1611 2441; baseline -0.002 -10"><span class='ocrx_word' id='word_1_405' title='bbox 944 2403 992 2437; x_wconf 74' lang='lat' dir='ltr'>ut,</span> <span class='ocrx_word' id='word_1_406' title='bbox 1010 2399 1092 2430; x_wconf 85' lang='lat' dir='ltr'>iiber</span> <span class='ocrx_word' id='word_1_407' title='bbox 1109 2403 1208 2441; x_wconf 74' lang='lat' dir='ltr'>atque</span> <span class='ocrx_word' id='word_1_408' title='bbox 1226 2400 1279 2437; x_wconf 92' lang='grc'>25,</span> <span class='ocrx_word' id='word_1_409' title='bbox 1297 2399 1350 2439; x_wconf 85' lang='grc'>22,</span> <span class='ocrx_word' id='word_1_410' title='bbox 1368 2399 1425 2437; x_wconf 79' lang='grc' dir='ltr'>13ς</span> <span class='ocrx_word' id='word_1_411' title='bbox 1446 2399 1497 2435; x_wconf 77' lang='lat'>28</span> <span class='ocrx_word' id='word_1_412' title='bbox 1513 2399 1611 2438; x_wconf 86' lang='grc'>25,1.</span> 
     </span>
    </p>

    <p class='ocr_par' dir='ltr' id='par_1_13' title="bbox 942 2439 1612 2667">
     <span class='ocr_line' id='line_1_60' title="bbox 990 2439 1612 2483; baseline -0.002 -6"><span class='ocrx_word' id='word_1_413' title='bbox 990 2439 1265 2481; x_wconf 69' lang='lat' dir='ltr'>⁴7.1..s·ecum</span> <span class='ocrx_word' id='word_1_414' title='bbox 1285 2444 1336 2483; x_wconf 88' lang='grc'>35,</span> <span class='ocrx_word' id='word_1_415' title='bbox 1357 2445 1386 2483; x_wconf 80' lang='lat' dir='ltr'>S,</span> <span class='ocrx_word' id='word_1_416' title='bbox 1410 2445 1446 2475; x_wconf 87' lang='lat'>5:</span> <span class='ocrx_word' id='word_1_417' title='bbox 1471 2444 1612 2476; x_wconf 78' lang='lat' dir='ltr'>deduc-e-</span> 
     </span>
     <span class='ocr_line' id='line_1_61' title="bbox 944 2489 1612 2522; baseline -0.002 0"><span class='ocrx_word' id='word_1_418' title='bbox 944 2493 996 2522; x_wconf 79' lang='lat' dir='ltr'>ret</span> <span class='ocrx_word' id='word_1_419' title='bbox 1013 2501 1087 2522; x_wconf 78' lang='lat' dir='ltr'>eum</span> <span class='ocrx_word' id='word_1_420' title='bbox 1112 2501 1223 2522; x_wconf 74' lang='lat' dir='ltr'>seeum</span> <span class='ocrx_word' id='word_1_421' title='bbox 1243 2489 1397 2521; x_wconf 81' lang='lat' dir='ltr'>Romam.</span> <span class='ocrx_word' id='word_1_422' title='bbox 1416 2508 1459 2512; x_wconf 89' lang='lat'>-—</span> <span class='ocrx_word' id='word_1_423' title='bbox 1483 2493 1612 2521; x_wconf 75' lang='lat' dir='ltr'>matr-0</span> 
     </span>
     <span class='ocr_line' id='line_1_62' title="bbox 942 2535 1610 2573; baseline -0.001 -7"><span class='ocrx_word' id='word_1_424' title='bbox 942 2547 1005 2573; x_wconf 79' lang='lat'>7115,</span> <span class='ocrx_word' id='word_1_425' title='bbox 1031 2536 1156 2566; x_wconf 85' lang='lat' dir='ltr'>welche</span> <span class='ocrx_word' id='word_1_426' title='bbox 1180 2536 1347 2573; x_wconf 80' lang='lat' dir='ltr'>bezeugen</span> <span class='ocrx_word' id='word_1_427' title='bbox 1381 2535 1504 2572; x_wconf 85' lang='lat' dir='ltr'>sollen,</span> <span class='ocrx_word' id='word_1_428' title='bbox 1535 2535 1610 2565; x_wconf 82' lang='lat' dir='ltr'>dass</span> 
     </span>
     <span class='ocr_line' id='line_1_63' title="bbox 943 2579 1611 2620; baseline 0 -9"><span class='ocrx_word' id='word_1_429' title='bbox 943 2579 1100 2620; x_wconf 78' lang='lat' dir='ltr'>Verginia</span> <span class='ocrx_word' id='word_1_430' title='bbox 1124 2581 1211 2611; x_wconf 83' lang='lat' dir='ltr'>nicht</span> <span class='ocrx_word' id='word_1_431' title='bbox 1233 2580 1518 2619; x_wconf 79' lang='lat' dir='ltr'>untergescboben</span> <span class='ocrx_word' id='word_1_432' title='bbox 1551 2580 1611 2611; x_wconf 91' lang='lat' dir='ltr'>sei.</span> 
     </span>
     <span class='ocr_line' id='line_1_64' title="bbox 942 2624 1490 2667; baseline -0.005 -9"><span class='ocrx_word' id='word_1_433' title='bbox 942 2643 985 2648; x_wconf 89' lang='lat'>—</span> <span class='ocrx_word' id='word_1_434' title='bbox 1003 2626 1228 2666; x_wconf 70' lang='lat' dir='ltr'>advocatione,</span> <span class='ocrx_word' id='word_1_435' title='bbox 1246 2624 1397 2667; x_wconf 70' lang='lat' dir='ltr'>Zunipt§</span> <span class='ocrx_word' id='word_1_436' title='bbox 1416 2624 1490 2656; x_wconf 73' lang='lat'>(575.</span> 
     </span>
    </p>
   </div>
  </div>
 </body>
</html>
