1698 2864
100 233 127 250 a.
141 223 195 250 ch.
216 224 278 250 449.

553 211 681 244 LIBER
705 211 758 244 ΙΙΙ.
799 212 893 244 CAP.
913 212 967 246 61.
992 213 1047 256 62.

1424 215 1504 261 121

98 316 291 368 pariundo
313 315 575 355 adsuefecerat
605 314 677 353 sibi
706 314 835 365 potius
857 314 978 353 fidere
1005 326 1119 365 quam
1142 316 1368 355 meminisse
1388 316 1502 367 igno-

99 373 241 412 miniae
274 371 580 410 decemvirorum
618 371 734 409 ductu
768 375 964 421 acceptae,
991 382 1184 422 parvaque
1220 373 1427 412 certamina
1462 373 1500 411 in

99 440 290 468 summam
311 428 430 466 totius
453 427 698 478 profecerant
717 427 812 478 spei.
853 438 926 465 nec
947 426 1151 466 cessabant
1172 428 1321 476 Sabini,
1349 429 1500 468 feroces
1531 436 1571 469 13

96 485 142 523 ab
164 496 205 523 re
226 484 355 535 priore
376 495 478 523 anno
501 483 600 522 bene
621 488 740 533 gesta,
762 483 950 522 lacessere
972 489 1083 534 atque
1110 483 1254 522 instare
1275 485 1500 535 rogitantes,

95 540 186 591 quid
212 540 401 579 latrocinii
423 540 541 578 modo
564 544 839 590 procursantes
862 540 975 591 pauci
996 545 1314 591 recurrentesque
1336 547 1502 580 tererent

92 601 266 647 tempus,
296 601 333 635 et
357 596 395 634 in
424 596 544 635 multa
572 596 715 647 proelia
733 608 925 647 parvaque
947 601 1148 647 carperent
1168 609 1361 635 summam
1383 597 1500 636 unius

92 651 208 691 belli‘?
240 653 333 703 quin
359 652 412 691 illi
441 653 768 703 congrederentur
791 652 887 700 acie,
916 653 1256 704 inclinandamque
1278 653 1396 692 semel
1417 654 1499 692 for-
1531 664 1572 695 14

93 714 208 748 tunae
234 721 315 747 rem
338 707 500 748 darent?
529 709 585 747 Ad
609 709 658 756 id,
680 709 782 760 quod
805 722 872 748 sua
895 714 1037 760 sponte
1058 709 1151 748 satis
1176 710 1390 749 conlectum
1414 710 1498 748 ani-
1526 712 1581 752 62

93 777 249 804 morum
278 770 371 812 erat,
403 765 630 816 indignitate
658 766 771 804 etiam
793 766 958 805 Romani
987 765 1312 805 accendebantur:
1341 766 1415 805 iam
1445 767 1501 805 al-

92 827 217 861 terum
248 822 456 860 exercitum
492 822 675 861 victorem
706 822 746 860 in
772 822 906 861 urbem
934 823 1169 869 rediturum,
1204 823 1276 862 sibi
1304 823 1404 862 ultro
1432 835 1502 873 per

94 878 346 917 contumelias
387 879 541 917 hostem
577 878 773 917 insultare.
823 879 978 929 quando
1007 884 1133 918 autem
1164 892 1222 926 se,
1245 879 1278 918 si
1307 884 1389 918 tum
1419 891 1500 918 non

95 935 190 980 sint,
213 947 324 985 pares
351 934 529 973 hostibus
558 933 673 973 fore?
703 934 765 973 ubi
792 935 886 974 haec
916 935 1078 974 fremere
1101 935 1261 974 militem
1294 936 1333 974 in
1363 936 1498 974 castris
1528 944 1547 976 2

93 991 230 1029 consul
259 991 392 1035 sensit,
424 991 606 1029 contione
634 991 814 1029 advocata
844 1003 985 1041 „quem
1016 991 1062 1029 ad
1084 991 1270 1030 modum‘2
1293 992 1416 1042 inquit
1438 992 1499 1039 „in

90 1046 225 1097 Algido
250 1058 313 1084 res
335 1052 440 1096 gesta
461 1047 522 1091 sit,
545 1046 712 1084 arbitror
732 1059 813 1091 vos,
838 1046 989 1093 militeS,
1010 1047 1177 1087 audisse.
1220 1048 1368 1098 qualem
1392 1047 1500 1086 liberi

91 1102 225 1154 populi
249 1102 458 1141 exercitum
482 1103 608 1141 decuit
630 1115 728 1148 esse,
752 1103 837 1141 talis
859 1103 941 1141 fuit.
984 1103 1145 1141 consilio
1165 1104 1340 1154 collegae,
1362 1104 1500 1142 virtute

91 1158 255 1197 militum
282 1159 439 1197 victoria
462 1164 571 1209 parta
598 1164 666 1197 est.
717 1160 821 1210 quod
851 1159 896 1198 ad
919 1172 980 1198 me
1002 1160 1153 1206 attinet,
1182 1160 1219 1199 id
1244 1160 1394 1199 consilii
1416 1160 1498 1198 ani·
1529 1167 1548 1199 3

92 1215 221 1266 mique
249 1214 450 1254 habiturus
483 1227 590 1262 sum,
615 1216 720 1265 quod
741 1229 810 1255 vos
837 1216 932 1254 mihi
953 1216 1135 1255 feceritis.
1187 1222 1225 1255 et
1243 1216 1343 1255 trahi
1360 1216 1500 1255 bellum

94 1336 129 1357 es
154 1331 248 1358 sonst
272 1326 361 1358 nicht
383 1327 485 1358 leieht
512 1337 548 1358 so
580 1327 760 1366 gebraucht

92 1372 186 1410 wird‚
206 1372 336 1403 bezieht
355 1372 467 1403 Duker
484 1372 686 1413 sufficiendo
705 1371 764 1403 auf

92 1417 144 1448 die
172 1416 348 1448 Soldaten:
379 1427 454 1449 cum
482 1417 634 1449 viderent
661 1429 698 1449 se
725 1419 759 1449 in

91 1462 350 1493 eoecm·siom·hus
388 1463 553 1504 siffficere
590 1465 623 1494 et
660 1473 762 1506 pares

90 1517 164 1538 esse
180 1507 277 1547 hosti,
294 1508 449 1538 wodurch
467 1507 547 1538 aber
560 1508 761 1550 sufficiendo

91 1562 155 1582 von
201 1552 405 1595 emperz'endo
447 1557 604 1592 getrennt
636 1553 760 1585 wiirde.

92 1595 226 1636 Madvig
244 1607 345 1628 verm.
366 1597 563 1639 subigendo,
588 1608 614 1629 s.
635 1598 687 1637 42,
707 1598 760 1638 52,

96 1641 147 1680 10,
172 1643 234 1672 wie
257 1643 339 1673 auch
363 1642 489 1673 Nonius
514 1653 543 1683 p.
569 1642 630 1673 521
658 1643 761 1685 suffi-

95 1687 189 1718 cz'unt
206 1687 392 1718 verdorben
417 1687 555 1718 scheint.
593 1687 673 1718 Zum
693 1688 760 1720 Ge-

93 1732 218 1762 danken
245 1732 309 1771 vgl.
333 1732 364 1772 4,
389 1732 442 1772 27,
465 1733 502 1770 53
523 1732 558 1771 3,
578 1732 631 1772 26,
649 1732 686 1771 23
707 1733 760 1773 22,

95 1776 151 1818 12,
191 1777 230 1807 10
260 1787 292 1808 u.
322 1787 351 1808 a.
380 1795 425 1800 —-
459 1779 604 1819 igmom„
640 1788 668 1809 c.
705 1778 759 1809 42.

90 1839 136 1844 —-
153 1832 324 1853 summam
344 1825 402 1854 tot.
421 1833 483 1865 sp„
503 1823 554 1854 die
574 1822 761 1854 Gesammt-

91 1867 159 1898 heit
173 1867 232 1898 der
246 1867 420 1906 Hoffnnng,
440 1868 468 1898 d.
485 1868 515 1899 b.
531 1868 613 1898 alles
629 1869 761 1908 dessen,

91 1922 160 1943 was
177 1922 249 1943 man
268 1913 298 1943 in
317 1913 388 1943 dern
404 1911 525 1952 Hriege
543 1912 655 1953 hoffte,
674 1924 701 1944 s.
721 1924 761 1944 zu

91 1956 145 1996 29,
179 1957 230 1996 10,
262 1958 291 1989 7.
332 1956 376 1988 Im
403 1957 494 1998 Folg.
520 1969 655 1990 summa
679 1959 761 2000 belli,

92 2002 144 2032 die
173 2002 420 2043 Entscheidung
449 2003 505 2034 des
534 2001 703 2045 Hampfes,
733 2014 760 2035 s.

92 2046 144 2087 29,
169 2047 200 2084 4,
230 2046 261 2078 3.
290 2065 334 2071 ·-
361 2048 591 2089 projecerant,
621 2059 656 2080 es
691 2058 762 2079 war

91 2091 157 2122 viel
175 2089 228 2122 fiir·
247 2093 393 2123 dieselbe
413 2103 606 2134 gewonnen,
631 2093 684 2134 31,
706 2094 760 2135 37,

93 2136 129 2167 5:
152 2147 216 2168 non
234 2138 265 2168 in
278 2140 469 2180 praesentis
486 2139 583 2171 modo
602 2141 758 2171 certami-

91 2182 146 2212 m's
160 2181 310 2223 gloriam.
332 2182 393 2214 sed
408 2185 443 2213 in
466 2194 634 2216 summam
657 2187 757 2216 etiam

93 2226 170 2258 belli
178 2228 370 2269 profectum
384 2231 468 2260 erat.

141 2271 260 2304 13-14.
279 2274 319 2304 ab
336 2283 373 2304 re
390 2278 464 2313 etc„
483 2273 546 2304 wie
560 2284 587 2305 c.
603 2273 657 2314 60,
672 2274 709 2312 2;
725 2274 756 2315 4,

92 2314 147 2357 31,
164 2317 202 2354 93
217 2316 247 2355 3,
267 2318 316 2357 15,
331 2318 368 2356 73
384 2319 413 2359 5,
430 2319 459 2355 5,
475 2317 493 2348 3
508 2329 538 2350 u.
554 2321 759 2362 0.—p7·z'07·e

92 2371 137 2401 a.‚
156 2362 196 2393 im
216 2364 369 2403 vorlierg.
394 2364 504 2400 dabre,
529 2364 607 2394 nach
626 2363 664 2395 L.
687 2364 758 2396 (lem

92 2407 215 2438 dritten
257 2409 317 2439 der
359 2408 758 2450 Decemviralregierung,

93 2453 164 2483 sind
188 2453 238 2484 die
263 2453 369 2484 Heerc
393 2454 663 2484 wabrscheinlicb
688 2460 760 2486 erst

93 2497 168 2538 spat
183 2499 386 2538 ausgeriickt
404 2499 467 2529 und
484 2499 578 2539 lange
597 2499 637 2529 im
658 2498 759 2531 Felde

92 2542 370 2583 zuriickgehalten
405 2545 551 2582 worden,
587 2554 613 2575 s.
643 2554 670 2575 c..
699 2544 759 2585 423

93 2586 154 2626 433
179 2587 239 2627 523
265 2590 324 2620 mit
345 2590 416 2620 dein
441 2589 571 2620 Antritt
594 2590 653 2620 der
671 2589 759 2620 Con-

94 2633 168 2663 suln
185 2643 234 2664 am
252 2633 302 2665 13.
320 2634 500 2665 December
517 2635 573 2665 bat
589 2634 639 2665 ein
659 2644 760 2666 neues

832 1327 913 1358 Jahr
929 1327 1113 1368 begonnen,
1133 1339 1160 1359 c.
1185 1328 1239 1367 55,
1266 1328 1302 1367 13
1326 1328 1401 1360 bald
1426 1329 1502 1360 dar-

832 1371 892 1403 auf
917 1372 1040 1404 kommt
1067 1374 1119 1404 die
1143 1373 1322 1405 Nachricht
1350 1385 1413 1405 von
1439 1375 1502 1405 den

832 1417 1027 1458 Riistungen
1043 1419 1102 1449 der
1119 1418 1255 1460 Feinde,
1281 1429 1307 1450 s.
1333 1430 1359 1450 c.
1384 1419 1437 1458 57,
1463 1419 1500 1458 83

833 1463 875 1494 im
894 1462 1041 1503 Anfange
1065 1464 1122 1494 des
1146 1463 1323 1504 Friihlings
1347 1465 1502 1496 scheiuen

835 1508 886 1539 die
905 1507 1050 1539 Consuln
1075 1519 1286 1549 ausgezogen
1310 1520 1350 1540 zu
1371 1511 1458 1551 sein,
1483 1508 1503 1551 ξ

836 1554 871 1584 5:
900 1556 1018 1596 paucis
1046 1557 1124 1585 ante
1151 1556 1342 1593 mensibus,
1378 1555 1445 1595 vgl.
1475 1565 1501 1586 c,

835 1597 876 1629 64
891 1623 899 1637 ,
921 1599 950 1629 7.
970 1617 1013 1621 —
1031 1598 1165 1638 latrum,
1191 1599 1227 1637 2,
1247 1600 1300 1641 48,
1320 1600 1349 1631 5.
1364 1617 1408 1622 —
1425 1610 1500 1631 car-

830 1646 960 1687 perent,
980 1654 1006 1674 c.
1027 1644 1063 1683 5,
1091 1645 1119 1675 1.
1136 1662 1181 1667 —
1196 1645 1245 1675 illl
1261 1645 1349 1676 steht
1366 1645 1397 1675 iu
1417 1650 1501 1676 orat.

835 1688 899 1719 obl.
918 1693 1001 1720 statt
1023 1700 1082 1720 vos
1106 1690 1137 1720 iu
1158 1694 1242 1720 orat.
1262 1695 1371 1730 recta,
1391 1690 1427 1730 4,
1445 1690 1499 1728 43,

836 1733 893 1764 ll:
924 1736 1001 1775 quin
1025 1734 1073 1765 illi
1094 1754 1114 1756 -
1138 1735 1336 1777 copularent
1364 1745 1501 1767 concor-

835 1777 942 1811 diam:
962 1778 1022 1818 39,
1042 1779 1101 1821 32,
1123 1780 1292 1819 113Curt.
1312 1780 1500 1819 5,19,19.

833 1841 877 1846 —-
900 1823 1081 1856 inclinanti.
1106 1825 1288 1863 etc.,·dem
1313 1824 1419 1856 Gliick
1448 1826 1501 1856 die

835 1868 1081 1909 Entscheidung
1105 1870 1184 1900 nach
1210 1870 1268 1900 der
1296 1870 1390 1900 einen
1421 1870 1502 1901 oder

833 1914 977 1944 anderen
998 1914 1089 1945 Seite
1106 1914 1327 1945 iiberliessen.

880 1953 948 1990 62.
985 1958 1080 1990 1-3.
1105 1959 1149 1991 ad
1169 1959 1214 1999 id,
1239 1960 1343 2001 quod,
1362 1970 1388 1991 c.
1413 1960 1442 1999 7,
1462 1961 1498 1999 ὃς

832 2003 968 2044 vg1.28‚
987 2004 1037 2042 15,
1054 2004 1136 2036 3.—
1150 2016 1214 2036 sua
1226 2016 1289 2048 sp„
1304 2015 1366 2036 von
1382 2005 1500 2046 selbst,

833 2050 915 2080 ohne
941 2050 1128 2090 Beziehuug
1157 2048 1215 2081 auf
1240 2051 1290 2080 ein
1316 2050 1500 2081 wollendes

833 2095 914 2125 oder
931 2094 1131 2126 liandelndes
1149 2095 1287 2135 Subject
1312 2095 1413 2126 findet
1431 2096 1499 2127 sich

831 2138 997 2171 mehrfach
1017 2140 1067 2170 bei
1086 2140 1139 2179 L.,
1165 2151 1190 2171 s.
1211 2139 1268 2179 22,
1288 2140 1347 2181 38,
1369 2141 1424 2179 133
1446 2141 1499 2181 27,

834 2184 885 2223 11,
905 2185 943 2224 33
969 2185 1021 2224 29,
1041 2185 1094 2225 24,
1113 2186 1150 2224 43
1177 2185 1207 2225 2,
1227 2185 1278 2226 23,
1298 2184 1315 2215 2
1334 2196 1365 2216 u.
1384 2196 1413 2216 a.
1449 2185 1500 2217 ul—

832 2233 901 2267 tro,
922 2240 1021 2270 sogar
1038 2231 1136 2271 noch,
1162 2230 1360 2269 obendrein3
1378 2231 1498 2262 andei-s

832 2276 903 2306 sind
923 2276 1016 2307 beide
1038 2275 1092 2314 10,
1122 2275 1179 2314 19,
1208 2276 1220 2306 1
1251 2285 1499 2315 zusammenge-

832 2321 936 2352 stellt.
954 2321 1175 2362 —seceritis,
1195 2322 1267 2351 eine
1282 2322 1403 2351 andere
1420 2320 1500 2351 Les-

830 2370 885 2397 art
902 2367 946 2396 ist
962 2366 1085 2397 milites
1100 2368 1240 2406 geritis,
1270 2367 1337 2404 die,
1368 2366 1443 2396 weil
1462 2375 1497 2396 es

831 2411 920 2442 nicht
938 2411 1078 2452 passend
1097 2412 1234 2449 scheint,
1253 2411 1329 2441 dass
1348 2410 1497 2441 dex-Con-

832 2456 882 2487 sul
916 2456 1094 2488 consilium
1124 2467 1153 2486 n.
1179 2458 1313 2487 animus
1342 2466 1404 2485 von
1434 2456 1494 2486 den

832 2500 988 2533 Soldaten
1018 2502 1167 2532 erhalten
1201 2501 1285 2541 will,
1320 2501 1377 2530 mit
1410 2500 1497 2531 Aus-

832 2546 962 2577 schluss
975 2557 1037 2577 von
1052 2546 1186 2584 mjlites,
1206 2546 1348 2575 welches
1362 2545 1391 2574 in
1407 2545 1496 2575 meh-

833 2601 930 2622 reren
950 2591 1023 2622 Hss.
1043 2590 1139 2629 fehlt,
1160 2590 1251 2621 viell.
1272 2590 1496 2620 vorzuziehen

832 2636 893 2679 ist,
923 2637 989 2676 vgl.
1008 2636 1067 2675 37,
1099 2636 1156 2675 54,
1181 2635 1239 2665 24:
1265 2633 1383 2666 Graeci
1398 2645 1495 2667 suam
