1698 2864
171 155 252 194 260

676 154 800 187 LIBER
817 154 853 187 11.
901 154 994 188 ΠΛΡ.
1022 155 1075 188 20.

1341 173 1363 191 a.
1384 173 1412 191 u.
1433 165 1582 194 255—257,

126 267 144 298 3
173 257 228 296 dit
251 256 408 296 calcaria
433 269 534 307 equo
557 263 594 296 et
614 257 870 309 Tarquinium
890 257 1035 297 infesto
1053 258 1200 310 spiculo
1219 259 1326 310 petit.
1350 258 1583 310 Tarquinius

170 319 275 353 retro
299 313 336 352 in
358 326 499 363 agmen
522 325 682 353 suorum
713 315 866 353 infenso
898 315 1013 354 cessit
1041 315 1156 354 hosti.
1197 315 1412 362 Valerium,
1435 321 1584 354 temere

97 1456 138 1489 10

171 370 367 409 invectum
391 370 431 408 in
454 371 610 409 exulum
633 371 769 417 aciem,
791 384 837 410 ex
858 376 1081 411 transverso
1099 371 1256 424 quidam
1274 372 1435 410 adortus
1454 378 1585 411 trans-
1604 415 1607 421 ‚

172 426 265 477 figit,
298 438 371 465 nec
400 426 609 478 quicquam
637 427 777 478 equitis
799 428 959 467 vulnere
981 441 1082 480 equo
1103 429 1302 467 retardato
1325 428 1583 468 moribundus

122 489 143 521 4
170 482 372 522 Romanus
395 483 613 522 labentibus
635 496 752 535 super
773 497 914 535 corpus
936 484 1053 525 armis
1075 485 1120 523 ad
1144 491 1286 524 terram
1310 484 1480 523 defluxit.
1523 485 1582 523 di-

169 544 294 578 ctator
316 540 542 579 Postumius
564 545 771 591 postquam
782 541 967 580 cecidisse
989 541 1101 580 talem
1124 541 1263 587 virum,
1289 540 1421 580 exules
1441 541 1584 580 feroci-

123 603 142 634 5
168 602 229 634 ter
251 596 366 636 citato
389 597 539 648 agmine
561 597 701 643 invehi,
725 610 815 636 suos
836 599 1033 649 perculsos
1055 598 1192 637 cedere
1213 597 1497 644 animadvertit,
1518 610 1585 635 co-

168 652 273 691 horti
295 665 399 699 suae,
423 666 539 704 quam
563 653 753 692 delectam
777 666 937 693 manum
951 654 1135 705 praesidii
1153 667 1263 693 causa
1281 654 1380 692 circa
1397 666 1438 692 se
1461 653 1583 692 habe-

167 710 246 755 hat,
269 710 335 748 dat
355 710 524 760 signum,
547 715 602 753 ut,
625 723 740 760 quem
764 723 929 749 suorum
946 710 1162 760 fugientem
1179 710 1359 756 viderint,
1380 722 1450 761 pro
1471 710 1585 748 hoste

169 765 351 804 habeant.
393 766 442 805 ita
466 772 574 805 motu
595 766 754 816 ancipiti
774 767 874 805 versi
896 780 916 806 a
938 770 1027 817 fuga
1048 767 1213 805 Romani
1237 767 1274 805 in
1290 767 1444 805 hostem
1462 771 1501 805 et
1521 778 1585 805 re-

124 829 144 861 6
170 822 306 861 stituta
338 823 449 861 acies.
493 823 633 861 cohors
655 823 854 862 dictatoris
876 829 961 862 tum
983 823 1155 874 primum
1176 823 1369 874 proelium
1392 823 1498 869 iniit;
1520 823 1582 861 in-

123 887 141 918 7
168 879 290 928 tegris
312 879 540 930 corporibus
563 879 781 930 animisque
798 880 923 919 fessos
941 880 1066 919 adorti
1085 880 1215 918 exules
1233 880 1412 918 caedunt.
1443 879 1496 918 ibi
1512 879 1583 918 alia

167 935 272 973 inter
294 948 477 987 proceres
500 942 631 975 coorta
653 948 796 987 pugna.
838 937 1051 988 imperator
1079 936 1254 983 Latinus,
1285 936 1351 975 ubi
1380 936 1583 975 cohortem

169 992 327 1031 exulum
349 1006 369 1032 a
392 993 579 1032 dictatore
596 993 772 1032 Romano
795 1006 916 1045 prope
938 993 1241 1032 circumventam
1260 993 1364 1038 vidit,
1387 1006 1434 1031 ex
1451 992 1582 1031 subsi-

122 1054 141 1086 8
169 1048 301 1087 diariis
324 1049 545 1100 manipulos
567 1049 714 1100 aliquot
735 1050 775 1088 in
797 1050 963 1101 primam
979 1050 1101 1089 aciem
1125 1062 1260 1088 secum
1277 1049 1389 1100 rapit.
1421 1050 1493 1087 hos
1512 1061 1583 1100 ag-

167 1105 275 1144 mine
298 1106 504 1145 venientes
525 1106 569 1144 T.
592 1105 817 1145 Herminius
839 1107 987 1157 legatus
1030 1106 1290 1157 conspicatus,
1313 1107 1494 1156 interque
1517 1118 1582 1144 eos

164 1161 361 1212 insignem
393 1168 499 1202 veste
526 1163 724 1214 armisque
752 1162 967 1202 Mamilium
989 1163 1207 1203 noscitans.
1229 1168 1340 1202 tanto
1362 1162 1399 1201 vi
1422 1162 1580 1208 maiore,

75 1214 81 1220 ’
120 1227 140 1259 9
167 1230 283 1269 quam
305 1220 419 1270 paulo
443 1225 534 1258 ante
557 1220 740 1270 magister
762 1220 951 1271 equitum,
974 1233 1063 1259 cum
1079 1220 1251 1258 hostium
1269 1220 1367 1258 duce
1388 1219 1580 1270 proelium

165 1274 265 1321 iniit,
288 1281 331 1314 ut
353 1281 391 1314 et
413 1288 492 1315 uno
515 1276 594 1314 ictu
615 1276 847 1315 transfixum
869 1288 940 1327 per
960 1276 1060 1315 latus
1083 1275 1268 1314 occiderit
1289 1275 1519 1322 Mamilium,
1543 1280 1582 1314 et

166 1332 249 1382 ipse
272 1332 374 1371 inter
396 1333 645 1383 spoliandum
666 1346 808 1384 corpus
825 1333 948 1372 hostis
970 1338 1126 1371 verruto
1149 1345 1379 1383 percussus,
1402 1345 1493 1371 cum
1524 1331 1584 1370 vi-

167 1393 249 1427 ctor
271 1389 311 1427 in
335 1394 460 1428 castra
483 1395 588 1428 esset
610 1390 768 1434 relatus,
791 1390 893 1428 inter
909 1390 1077 1440 primam
1095 1390 1338 1427 curationem
1361 1389 1583 1439 exspirave-

164 1445 226 1484 rit.
269 1450 355 1484 tum
378 1447 424 1485 ad
446 1446 597 1497 equites
620 1446 786 1484 dictator
806 1447 851 1485 ad
861 1447 958 1485 volat
979 1446 1192 1491 obtestans,
1214 1451 1259 1484 ut
1288 1445 1391 1484 fesso
1413 1445 1489 1484 iam
1511 1457 1583 1496 pe-

166 1550 381 1591 conspz'catus
397 1551 480 1580 esset
496 1568 515 1570 -
533 1559 690 1581 accensus
712 1548 836 1581 subdit.

166 1611 209 1615 —
229 1592 316 1635 glor.
348 1604 485 1632 aecem„
516 1595 598 1626 nach
627 1595 698 1625 dem
723 1594 836 1634 Folg.:

166 1637 321 1678 begierig
339 1640 401 1670 den
419 1638 523 1671 Ruhm
542 1650 582 1671 zu
600 1641 746 1680 mehren,
772 1640 837 1671 wie

166 1683 354 1726 cupiditate
378 1686 541 1726 incitare,
575 1685 654 1716 bello
679 1686 839 1717 lacessere

167 1739 198 1760 u.
216 1728 246 1761 a.
281 1748 322 1751 —
356 1733 453 1761 erant
470 1730 521 1762 als
540 1730 749 1771 Bemerkung
768 1730 840 1763 Ls.’

167 1774 379 1815 dargestellt.
397 1793 440 1798 —
456 1777 555 1807 eiecti
571 1794 589 1797 α
609 1777 737 1819 interf,
765 1787 791 1808 s.
809 1787 838 1808 c.

169 1818 220 1859 18,
240 1822 275 1852 9:
301 1823 454 1859 creatum
485 1821 538 1852 die
557 1821 839 1853 Zusammenstel-

165 1863 247 1906 lung
264 1865 326 1896 wie
344 1867 373 1905 1,
392 1865 445 1906 58,
465 1866 483 1897 8
500 1867 622 1905 hostis,
642 1867 776 1899 iihnlich
794 1867 838 1898 im

167 1909 261 1951 Folg.
280 1910 407 1951 infesto
424 1930 444 1933 >⁴
470 1912 616 1953 insenso.
647 1932 688 1935 -
718 1913 837 1954 z'nfest.

164 1965 228 1997 sp„
247 1966 272 1986 c.
296 1957 347 1996 19,
367 1957 407 1994 83
427 1957 456 1998 8,
476 1957 505 1996 7,
523 1959 573 1990 10.
593 1976 635 1980 ——
652 1968 709 1989 nec
733 1960 836 1999 quicq.

165 2004 241 2041 etc„
259 2000 317 2032 das
326 2001 541 2042 Durchgehen
561 2003 618 2034 des
627 2002 765 2035 Pserdes
780 2003 836 2035 be-

163 2045 354 2087 schleunigt
379 2047 493 2079 seinen
513 2047 598 2079 Fau.
617 2067 660 2071 —
677 2048 836 2090 defluarit,

164 2090 400 2132 herabsinken‚
421 2093 512 2123 Curt.
534 2093 563 2132 7,
583 2094 635 2134 32,
655 2094 714 2133 36;
740 2098 836 2126 sonst

165 2135 367 2176 dichterich3
387 2137 448 2168 Ov.
469 2138 547 2169 Met.
565 2140 596 2178 6,
614 2140 696 2177 2293
715 2140 835 2171 anders

164 2181 195 2213 V
199 2191 268 2221 erg.
291 2182 342 2223 11,
367 2184 451 2214 500:
476 2184 590 2215 cohors
607 2203 627 2206 —
644 2185 771 2216 relictis
792 2184 837 2216 ad

164 2229 290 2258 terram
308 2227 452 2270 defluoeil
470 2229 571 2270 equis,
589 2229 733 2269 vgl.Cic.
750 2230 833 2261 Phil.

169 2271 220 2312 12,
239 2273 269 2313 3,
289 2273 324 2304 S:
342 2274 450 2315 fluunt
466 2284 566 2305 tlt-7110
582 2275 621 2306 de
636 2276 803 2307 manibus.

211 2362 292 2394 5-9.
321 2365 450 2395 cohorti
471 2376 509 2405 .s·.,
537 2364 590 2396 die
610 2364 833 2405 Einriohtung

163 2408 258 2440 einer
286 2408 495 2441 besonderen
525 2412 639 2442 cohors
660 2412 833 2453 praetoria

163 2454 248 2485 wird
290 2459 361 2486 erst
395 2454 507 2497 Scipio
540 2455 721 2487 Africanus
761 2456 833 2486 dem

160 2499 324 2540 jiingeren
347 2501 619 2541 zugeschrieben,
644 2501 709 2531 und
727 2500 771 2532 ist
798 2500 831 2531 in

162 2545 214 2575 die
244 2543 379 2577 friihere
403 2546 479 2578 Zeit
504 2546 724 2585 iibertragen;
751 2546 833 2576 iiber

163 2589 215 2622 die
225 2590 347 2632 Appos.
366 2602 466 2633 quam
483 2591 545 2623 del.
563 2603 619 2632 m„
638 2601 664 2622 s.
682 2593 709 2631 1,
731 2592 760 2631 7,
783 2591 831 2623 12.

909 1567 952 1571 —
969 1548 1038 1580 dat.
1057 1560 1094 1589 .s·.,
1125 1549 1209 1580 wird
1238 1549 1321 1580 auch
1348 1559 1412 1580 von
1439 1548 1582 1580 miindli-

911 1595 991 1625 chen
1002 1593 1156 1626 Befehlen
1175 1594 1367 1634 gebraucht,
1390 1604 1414 1625 s.
1435 1594 1464 1635 5,
1484 1594 1580 1635 36,7.

910 1658 953 1662 —-
983 1641 1107 1681 integr.
1126 1658 1145 1661 -
1164 1639 1362 1679 subsidium,
1394 1639 1448 1671 die
1475 1639 1581 1671 dritte

912 1684 1175 1724 Schlachtreihe,
1192 1685 1301 1725 vgl.8,
1317 1686 1367 1726 10,
1386 1686 1417 1715 4.
1428 1686 1581 1728 —7·apit‚

913 1731 974 1771 23,
1004 1731 1057 1770 36,
1088 1731 1123 1761 2:
1152 1732 1292 1761 citatum
1321 1740 1444 1771 agmen
1473 1732 1579 1773 rapit,

913 1776 970 1815 25,
1005 1776 1063 1816 35,
1103 1777 1136 1815 13
1178 1775 1257 1807 Tac.
1287 1774 1372 1806 Anu.
1394 1776 1444 1814 15,
1475 1775 1505 1806 8.
1536 1794 1579 1798 —

911 1822 1061 1862 agmine,
1070 1820 1158 1852 hier:
1178 1821 1209 1851 in
1219 1820 1474 1861 geschlossenen
1485 1819 1581 1852 Glie-

912 1867 1006 1905 dern,
1035 1866 1103 1906 vgl.
1134 1866 1161 1907 1,
1196 1866 1227 1905 6,
1265 1866 1295 1897 2.
1336 1885 1378 1888 -
1410 1868 1505 1897 tanto
1534 1865 1580 1898 ist

911 1912 972 1943 mit
995 1911 1197 1943 Nachdruck
1228 1911 1475 1952 vorangestellt
1512 1911 1579 1942 und

910 1967 947 1988 so
972 1967 1038 1988 von
1062 1957 1194 1987 maiore
1220 1960 1393 1997 getrennt,
1430 1966 1457 1988 s.
1482 1968 1523 1988 zu
1547 1958 1578 1996 6,

911 2002 965 2042 23,
985 2003 1022 2039 43
1042 2002 1096 2042 22,
1116 2001 1170 2042 20,
1191 2004 1225 2041 13
1244 2000 1305 2032 auf
1317 2004 1409 2033 tanto
1427 2001 1471 2033 ist
1485 2004 1523 2033 ut
1537 2013 1578 2032 zu

909 2047 1080 2087 beziehen,
1110 2046 1248 2088 vg1.24,
1276 2047 1326 2083 16,
1354 2047 1378 2078 1.
1415 2066 1456 2069 —
1490 2049 1580 2078 inter

908 2092 1005 2135 spoL,
1030 2093 1096 2133 vgl.
1116 2092 1147 2131 6,
1175 2093 1224 2131 11,
1251 2093 1286 2131 53
1314 2093 1345 2133 7,
1374 2093 1427 2131 40,
1457 2093 1488 2132 5,
1513 2092 1579 2124 wie

909 2137 957 2169 oft
982 2139 1013 2169 in
1041 2139 1103 2169 den
1120 2137 1348 2170 homerischen
1368 2137 1578 2169 Schlachten.

908 2202 950 2206 -
967 2186 996 2214 et
1014 2185 1084 2226 ipse
1101 2202 1117 2204 —
1139 2185 1284 2226 ems-pir„
1313 2186 1347 2214 et
1369 2185 1439 2225 ipse
1463 2183 1578 2215 deutet

909 2239 970 2260 nur
1010 2239 1068 2268 an,
1122 2229 1197 2260 dass
1238 2228 1386 2260 Hermia.
1427 2228 1576 2268 gleiches

908 2274 1082 2306 Schicksal
1115 2274 1176 2306 mit
1209 2274 1280 2305 dem
1311 2273 1486 2313 Besiegten
1520 2273 1577 2304 hat

907 2319 1076 2359 (occiderit
1089 2338 1109 2341 -
1122 2319 1358 2362 ezrpz'raverz't),
1376 2329 1402 2350 s.
1425 2320 1452 2359 1,
1471 2318 1523 2357 30,
1538 2319 1576 2358 63

908 2366 957 2396 als
967 2365 1069 2406 Folge
1089 2376 1151 2396 von
1169 2367 1260 2395 tanto
1277 2383 1298 2386 -
1317 2365 1394 2395 imit
1411 2363 1497 2395 kann
1516 2364 1576 2395 der

906 2411 985 2442 Satz
1015 2410 1107 2442 nieht
1136 2409 1323 2441 heti-achtet
1351 2409 1504 2448 werden,
1534 2409 1576 2440 da

906 2456 1016 2487 Herm.
1041 2456 1134 2487 nicht
1159 2455 1202 2486 im
1220 2453 1358 2496 Hampfe
1382 2454 1443 2486 mit
1462 2454 1576 2486 Mami-

906 2501 972 2532 lius
1024 2501 1222 2532 verwuudet
1273 2499 1376 2539 wird3
1432 2509 1577 2539 genauer

905 2546 1017 2577 hiesse
1036 2556 1070 2577 es
1084 2549 1120 2577 ut
1133 2556 1198 2577 uno
1215 2547 1279 2577 ictu
1297 2566 1311 2569 -
1327 2545 1483 2577 occiderit
1491 2556 1503 2582 ,·
1519 2544 1578 2576 sed

906 2593 937 2621 et
954 2610 973 2613 —
991 2592 1188 2634 exspiravit.
